2760 4740
513 149 663 204 ORATOR
681 156 724 206 m.
744 156 857 206 cs-eo.
1070 159 1077 172 ·
1234 153 1278 218 65

94 333 167 377 cum
190 332 280 376 versu
303 318 342 376 sit
365 317 522 376 astrictior.
567 315 630 395 Ego
654 324 766 396 erstem,
794 317 910 376 etiamsi
937 317 1124 394 quorundam
1152 320 1272 398 grandis
1292 339 1326 389 53

98 412 129 465 55
150 413 258 465 ornata
284 422 340 464 vox
363 412 409 464 est
435 412 604 484 poetarum,
636 413 735 465 tamen
767 406 798 464 in
831 422 865 465 ea
897 422 966 465 curn
995 404 1144 467 licentiam
1174 415 1272 468 statuo

96 495 243 552 maiorem
266 511 331 553 esse
355 510 444 571 quam
471 494 502 551 in
525 492 612 553 nohis
634 491 838 553 faciendorum
865 494 1143 572 iungendorumque
1168 495 1272 556 verbo-

97 599 175 662 rum,
207 590 272 642 tum
304 583 392 642 etiam
424 580 559 641 nonnulli
591 599 695 642 eorum
726 580 870 660 voluptati
902 581 1025 642 vocibus
1058 584 1152 662 magis
1184 602 1273 662 quam

66 669 190 729 erebus
213 671 388 730 inserviunt.
433 668 494 729 Nec
517 688 598 750 vero,
621 671 647 729 si
671 668 741 748 quid
765 677 811 729 est
834 687 927 730 unum
950 672 1029 730 inter
1052 689 1104 731 eos
1124 672 1218 733 simile
1232 706 1274 716 —

97 757 128 818 id
152 764 252 818 autem
275 766 321 818 est
344 757 488 818 iudicium
511 758 676 836 electioque
704 757 863 818 verborum
887 791 945 838 -,
971 767 1131 837 propterea
1160 769 1274 821 cetera-

96 863 167 906 rum
189 864 291 906 rerum
314 845 522 907 dissimilitudo
544 845 676 925 intellegi
699 863 759 905 non
786 853 897 926 potest3
913 847 978 907 'sed
1006 846 1036 907 id
1064 865 1120 907 nec
1140 848 1275 909 dubium

84 942 211 1014 estet,
244 936 269 994 si
297 934 367 1012 qnid
395 934 485 995 habet
507 936 703 1014 quaestioniS,
731 934 788 994 hoc
815 942 915 994 tamen
942 936 1042 1014 ipsum
1070 935 1106 997 ad
1133 936 1164 995 id
1193 937 1274 1014 quod

96 1025 284 1102 propositum
315 1030 361 1084 est
390 1041 450 1083 non
483 1032 529 1084 est
557 1025 767 1084 necessarium.
819 1021 978 1095 Seiunctus
1006 1026 1098 1103 igitur
1127 1033 1227 1085 orator
1258 1045 1273 1085 a

42 1127 84 1178 jao
96 1110 342 1189 philosophorum
366 1110 543 1192 eloquentia,
568 1131 584 1171 a
607 1111 819 1191 sophistarum,
848 1110 884 1170 ab
908 1111 1134 1191 historicorum,
1163 1131 1179 1172 a
1201 1132 1273 1192 poc·

96 1207 197 1259 tarum
220 1199 411 1278 exphcandus
436 1208 481 1260 est
504 1199 590 1260 nohis
614 1199 709 1279 qualis
732 1200 852 1259 luturus
877 1201 923 1260 sit.

186 1287 253 1348 Erit
266 1290 357 1366 igitur
371 1287 515 1366 eloquens
530 1282 624 1371 (horno
640 1290 719 1348 euim
738 1295 858 1347 auctore
873 1288 1001 1349 Antonio
1017 1282 1203 1371 quaerimus)
1219 1287 1271 1369 21,
1295 1313 1328 1363 69

95 1377 132 1457 is,
156 1379 261 1454 quiin
285 1376 350 1435 loro
374 1378 531 1454 causisque
556 1376 691 1438 civihhus
714 1377 755 1436 ita
779 1376 866 1457 dicet,
889 1384 923 1436 ut
941 1375 1058 1456 probet,
1082 1385 1116 1438 ut
1135 1377 1272 1459 delectet,

134 1552 158 1600 1.
183 1561 244 1600 cum
262 1547 315 1601 eto.
338 1547 399 1601 uiso
421 1547 467 1602 die
485 1546 658 1616 Erreichung
711 1546 836 1602 Redners
858 1546 898 1600 im
917 1547 997 1617 Auge
1015 1547 1112 1616 hat,§
1135 1553 1168 1602 73
1191 1548 1276 1602 adid

95 1616 188 1671 dieses
212 1617 284 1671 Ziela
309 1617 354 1670 idr
378 1618 432 1672 den
454 1618 571 1673 Dichter
597 1619 658 1686 (der
712 1617 787 1685 quod
806 1617 909 1686 agitur.

96 1704 134 1742 55
153 1688 198 1742 die
217 1687 379 1742 Schrcnken
397 1689 445 1742 des
454 1690 590 1743 Metrums
609 1705 657 1759 ge·

96 1757 210 1813 555555
227 1758 275 1827 ist)
294 1758 418 1813 offenbcr
441 1759 498 1813 viel
517 1759 656 1813 schwieri-

97 1845 147 1898 ger
165 1829 217 1896 ist3
242 1831 415 1898 quorundum
438 1830 492 1884 wie
511 1849 533 1883 z.
552 1830 583 1885 B.
606 1829 657 1884 der

96 1900 221 1953 hoheren
257 1899 376 1968 Lyriker
412 1901 469 1954 und
506 1900 656 1970 Tragike13

95 1971 251 2040 praedicet
269 1977 451 2026 ornaturae:
469 1972 658 2041 8555515555-
749 1976 773 2024 2.
810 1970 931 2025 Wesen
963 1971 1021 2026 des
1053 1973 1207 2041 eloquens
1240 1973 1276 2027 in

97 2040 204 2110 spricht
223 2042 287 2095 dem
304 2041 448 2097 incitatius
466 2042 541 2110 ferri,
560 2044 658 2096 ornatu
713 2041 828 2096 seiner
845 2041 982 2096 wahren
1000 2041 1213 2113 Bedeutung.

97 2111 162 2166 dem
180 2112 333 2212 {uminibm
352 2113 402 2166 Uli·
748 2150 776 2216 u)
790 2146 835 2201 im
843 2146 1085 2216 Allgcmeinen
1099 2148 1277 2205 nachaeinen

132 2205 158 2253 2.
176 2217 208 2253 ro
226 2216 258 2254 ea
276 2217 314 2255 sc.
333 2217 400 2256 voce
418 2203 566 2270 poetarum
584 2201 612 2257 d.
625 2203 654 2258 h.
711 2217 971 2287 Hauquuncffimn
990 2224 1005 2284 q
1025 2225 1140 2274 ott-74.

748 1728 789 1775 11.
807 1723 922 1790 futur-ue
935 1724 971 1777 stt
985 1723 1053 1791 ‚sein
1068 1724 1140 1792 soll‘,
1159 1725 1212 1779 das
1222 1727 1275 1780 Fu·

709 1794 756 1848 tur
774 1793 826 1847 mit
843 1793 998 1848 Rdchsicht
1016 1795 1067 1848 auf
1090 1795 1140 1849 dus
1159 1814 1193 1849 zu
1214 1802 1276 1851 ent·

713 1863 852 1919 werlendc
870 1864 948 1919 ideal
967 1865 1042 1920 eines
1062 1865 1196 1921 Redners.

97 2270 147 2324 der
172 2270 270 2327 Poesie
298 2271 366 2326 oder
391 2272 437 2326 bei
464 2273 526 2326 den.
542 2273 656 2340 Posteri,
706 2322 710 2331 c

96 2340 184 2395 dcher
202 2341 277 2396 daun
291 2343 416 2411 sogleich
433 2343 473 2397 im
487 2341 657 2412 Gegensutz:

99 2426 186 2480 quem
202 2412 233 2465 in
250 2413 331 2466 nobis
350 2430 388 2468 sc.
407 2413 573 2468 oratoribus.

134 2488 159 2537 3.
180 2483 370 2549 faciendorum
396 2500 468 2539 neue
486 2484 600 2538 Wdrter
623 2503 658 2538 zu

97 2552 206 2621 bilden,
239 2554 328 2610 wofdr
359 2554 416 2610 (lic.
449 2554 522 2609 such
553 2571 657 2610 novere

95 2624 184 2678 verba
202 2625 356 2693 gebraucht
375 2626 420 2692 (de
431 2625 593 2695 or.IH,154)
613 2631 656 2681 80.

97 2696 170 2763 (172)
191 2701 250 2749 176.
274 2697 347 2764 part.
366 2712 406 2752 or.
426 2702 473 2763 ⁷43
505 2698 656 2766 inurendo

96 2781 159 2819 rum
173 2765 261 2820 durch
271 2766 554 2838 Zusammensetrung
564 2770 655 2837 (neue)

96 2835 209 2891 thrter
226 2837 321 2891 bilden
341 2853 379 2892 or.
399 2839 446 2907 ΙΙΙ,
462 2844 512 2893 169
532 2839 582 2893 eut
600 2837 656 2893 luc·

94 2907 158 2960 tum
176 2906 221 2961 vei
240 2908 434 2963 coniunctione
456 2909 502 2964 vel
521 2908 656 2964 novitate.

95 2977 144 3047 III,
164 2983 223 3032 154.
260 2979 372 3033 Andere
389 2978 525 3034 beziehen
543 2980 656 3049 inopen·

95 3049 194 3103 dorum
222 3049 273 3103 cul
294 3049 419 3104 kdhnere
437 3049 657 3122 Verbindungen

95 3136 152 3175 von
169 3119 353 3190 Wdrtern,·z.
367 3120 399 3174 B.
419 3120 583 3190 lrappunter
600 3120 657 3176 Ad·

93 3189 200 3259 jectiva.
218 3190 271 3245 mit
289 3190 498 3248 Substantiven.

130 3267 157 3314 4.
175 3262 286 3316 uocibus
303 3279 338 3316 m.
358 3279 440 3330 quum
457 3264 546 3318 555555
569 3264 658 3333 ‚mehr

95 3331 184 3386 durch
201 3333 304 3387 echone
321 3332 420 3388 Worte
440 3333 481 3388 als
500 3334 656 3404 355515551-

94 3402 142 3456 155
159 3403 271 3459 Inhnlt‘.
307 3403 372 3472 Vgl.
390 3404 445 3459 den
462 3405 528 3460 krit.
547 3405 619 3459 Anh.

132 3479 156 3528 5.
171 3475 196 3527 ei
210 3475 278 3543 quid
291 3491 379 3529 unum
393 3492 484 3545 ,wenn
496 3474 596 3547 irgend
610 3475 656 3531 ein

97 3544 217 3614 einziger
235 3545 348 3600 Punht‘.

132 3622 156 3670 6.
175 3617 311 3670 iudicium
332 3617 371 3670 ist
393 3618 442 3671 das
465 3617 543 3686 prius
562 3635 588 3670 u.
607 3619 656 3672 be-

96 3685 172 3741 zieht
194 3685 254 3741 sich
278 3687 328 3741 aul
348 3688 393 3742 die
416 3687 553 3757 inventio,
581 3688 657 3743 dunn

96 3757 170 3880 {olgt
193 3757 239 3812 die
262 3759 363 3814 electio
386 3758 535 3814 verborum
559 3759 657 3815 inven-

113 3844 199 3883 orum.

133 3905 157 3953 7.
194 3916 243 3954 nee
271 3932 305 3941 —-
332 3901 453 3971 intellepo'
483 3917 541 3955 non
567 3905 657 3969 poten

97 3968 176 4036 ‚losse
193 3970 255 4025 sich
271 3971 344 4026 doch
362 3973 440 4027 nicht
457 3972 633 4028 verkennen‘.

133 4047 158 4094 8.
177 4042 452 4112 hortamentorum.
493 4043 578 4098 Diese
596 4059 657 4112 spe·

98 4111 178 4167 cielle
197 4113 415 4184 Untersuchung
437 4115 507 4169 iiber
525 4115 575 4169 dus
592 4114 657 4168 We·

99 4198 147 4236 555
165 4183 216 4237 der
228 4183 327 4239 Poesie
345 4184 385 4239 im
399 4184 584 4240 Unterschied
602 4201 658 4240 von

98 4252 147 4308 der
159 4253 386 4325 Beredssmkeit3
406 4257 443 4311 ud
461 4257 492 4311 id
506 4257 578 4325 quod
591 4270 658 4325 pro-

93 4326 216 4391 positum
247 4331 286 4380 est
321 4326 366 4381 fiir
397 4327 447 4382 dus
478 4326 659 4398 vorliagende

749 2331 790 2378 12.
801 2329 910 2378 5555555
917 2323 1040 2379 Antonio
1049 2325 1102 2383 mit
1109 2325 1275 2398 Beziehnng

711 2395 763 2448 suf
782 2396 880 2449 dassen
907 2396 1131 2451 mehrerwthnte
1153 2399 1275 2453 555555-

710 2483 783 2534 rung
803 2471 845 2520 18.
866 2471 908 2519 33.
928 2465 963 2520 de
982 2483 1020 2521 or.
1040 2468 1061 2534 I,
1081 2473 1123 2522 94.

749 2559 789 2607 13.
816 2555 849 2608 in
872 2554 934 2620 foro
960 2554 1012 2608 etc.
1041 2554 1101 2608 also
1126 2554 1180 2608 mit
1202 2557 1272 2608 Aus-

711 2624 819 2678 schluss
831 2624 887 2679 des
906 2622 988 2692 γένος
1007 2619 1197 2678 ἐπιδεκτικόν
1216 2625 1274 2680 und

711 2695 783 2749 aller
810 2694 963 2764 eigontlieh
985 2695 1274 2751 wissenschafdichen

711 2766 778 2822 oder
796 2767 856 2821 rein
874 2765 1053 2821 technischen
1072 2766 1210 2836 Vortrtge
1230 2773 1273 2822 37.

711 2837 746 2891 de
774 2853 813 2894 or.
832 2838 858 2905 Ι,
883 2843 916 2891 22
940 2838 1060 2893 Graecos
1085 2837 1168 2892 video
1194 2854 1273 2907 sepo·

712 2907 799 2962 suisse
831 2923 848 2960 5
881 2897 982 2962 ceteris
1008 2907 1178 2962 dictionibus
1210 2925 1274 2963 eom
1350 2937 1352 2943 ·

710 2979 821 3046 purtem
839 2977 959 3048 dicendi,
979 2995 1051 3046 quae
1069 2979 1099 3032 in
1117 2977 1273 3033 forensibus

711 3047 959 3118 disceptationibus
981 3048 1149 3103 iudiciorum
1173 3066 1207 3103 sc
1225 3049 1272 3103 de-

711 3119 911 3176 liberationum
917 3121 1084 3188 versaretur‚
1100 3121 1129 3174 et
1141 3119 1173 3173 id
1187 3137 1274 3174 unum

711 3206 799 3260 genus
815 3191 920 3246 oratori
933 3190 1094 3259 reliquisse;
1109 3191 1185 3259 litt
1201 3207 1274 3260 quce

710 3261 740 3315 in
759 3260 821 3316 foro
839 3263 926 3331 utque
944 3261 974 3315 in
993 3261 1098 3316 civium
1112 3262 1203 3317 causis
1218 3262 1274 3316 dis·

710 3331 974 3402 ceptctionibusque
992 3333 1152 3399 versantur3
1184 3332 1220 3401 ΙΙ,
1239 3337 1274 3386 55

710 3419 792 3457 nemo
811 3403 905 3458 studet
922 3403 1101 3472 eloquentiae
1115 3405 1275 3459 nostrorum

709 3473 863 3542 homiuum,
888 3472 943 3528 nisi
971 3473 1054 3528 utin
1077 3475 1168 3529 causis
1188 3475 1274 3543 utque

709 3544 739 3598 in
756 3544 817 3599 foro
837 3546 1034 3600 eluceat-nt
1048 3545 1147 3613 probet
1165 3547 1218 3598 etc.
1240 3545 1275 3598 de

711 3632 750 3670 or.
770 3616 803 3685 Ii,
825 3622 875 3670 115
898 3615 940 3670 ita
959 3615 1049 3670 omnis
1068 3615 1141 3669 ratio
1161 3614 1274 3669 dicendi

710 3686 800 3741 tribus
824 3687 860 3740 nd
882 3684 1106 3756 persuadendum
1129 3685 1212 3739 rebus
1231 3687 1275 3740 est

710 3757 790 3811 nixu:
814 3760 847 3810 nt
864 3757 1014 3825 prohemus
1032 3772 1100 3810 vera
1119 3770 1179 3811 esse
1200 3772 1275 3826 quae

712 3826 894 3896 defendimus,
927 3830 960 3882 ut
985 3826 1166 3883 conciliemus
1191 3827 1275 3883 nobis

711 3915 759 3954 eos
778 3899 827 3969 qui
844 3897 978 3963 audiunt,
1000 3900 1032 3952 ut
1049 3899 1159 3954 animos
1176 3915 1276 3955 eorum

711 3970 748 4025 ad
775 3984 978 4039 quemcumque
1006 3986 1090 4024 ceusu
1117 3968 1276 4039 postulabit

711 4043 820 4097 motum
838 4057 984 4108 vocemus3
1003 4041 1038 4110 Π,
1059 4047 1118 4095 121.
1136 4046 1195 4095 128.
1211 4045 1273 4094 310.

711 4110 1339 4180 mmmmfflmffia

712 4183 812 4238 cienda
829 4183 960 4239 dicendo:
980 4185 1012 4237 ut
1026 4181 1189 4237 cessaturis
1197 4181 1274 4249 opud

712 4269 796 4323 quem
811 4253 926 4322 dicetur,
944 4256 978 4308 ut
991 4252 1155 4318 delectetur,
1168 4254 1201 4306 55
1215 4269 1273 4308 mo-

712 4326 812 4380 veatur
834 4323 1039 4380 vehementius.
1069 4322 1108 4377 de
1129 4325 1194 4389 555.
1214 4339 1286 4388 qen.

98 4393 213 4464 Thema,
232 4396 282 4451 des
302 4399 370 4452 eben
384 4416 437 4452 nur
451 4397 499 4454 das
512 4398 591 4455 Ideol
609 4397 660 4454 des
716 4412 759 4454 or.
778 4403 806 4454 5.
826 4394 927 4465 quint.
939 4395 998 4464 iu,
1012 4399 1046 4462 5,
1058 4399 1094 4447 t..
1146 4436 1151 4441 .

137 4484 190 4525 010.
208 4484 333 4528 ORATOR.

1081 4485 1105 4532 b
