2760 4740
110 99 176 188 136
310 179 314 184 .
512 104 662 177 ORATOR
680 128 723 176 co.
742 128 891 179 noo-202.

76 369 78 372 .
113 291 299 369 exercitatis,
331 290 382 367 qrri
410 296 440 348 et
468 287 559 348 multa
587 289 763 366 scripserint
790 295 833 367 et,
865 306 1069 367 quaecumque
1102 290 1191 349 etiam
1218 292 1291 349 sine

113 380 225 457 scripto
249 378 357 456 dicent,
381 376 486 437 similia
510 378 691 455 scriptorum
715 377 877 457 effecerint,
904 395 964 436 non
988 380 1046 437 erit
1068 377 1284 438 difficillimum.

113 467 188 526 Ante
213 468 292 525 enirn
316 464 573 527 circumscribitur
595 471 695 524 mentc
719 467 865 525 sententia
879 466 1095 543 confestimque
1110 465 1200 525 verba
1214 484 1284 525 con·

113 561 251 634 currunt,
274 571 349 632 quae
373 571 457 613 mens
481 551 593 633 eadem,
617 570 674 630 qua
697 551 770 613 nihil
793 559 840 612 est
862 553 1002 633 celerius,
1031 556 1131 613 statim
1154 554 1286 633 dimittit,

112 649 148 703 ut
170 660 225 702 suo
249 641 388 720 qnodque
411 640 477 700 loco
500 640 687 721 respondeat,
711 658 839 718 quorum
861 641 1029 719 descriptus
1052 641 1125 700 ordo
1144 641 1215 701 alias
1230 642 1284 703 alia
1299 657 1322 698 s

113 732 321 790 terminatione
354 728 551 789 concluditur.
605 729 701 807 Atque
734 731 832 789 omnia
860 729 908 788 illa
936 737 966 788 et
997 732 1093 807 prima
1125 738 1156 790 ct
1188 729 1285 790 media

57 829 111 878 ‘201
127 817 216 877 verba
232 824 376 896 spectare
401 816 510 877 debent
533 816 569 876 ad
592 816 739 888 ultimum.
775 817 928 877 Interdum
952 819 1031 877 enirn
1055 836 1162 879 cursus
1185 827 1232 877 cst
1255 820 1286 878 in

112 909 247 966 oratione
269 907 429 985 incitatior,
452 905 602 965 interdum
626 905 777 966 moderata
800 907 956 985 ingressio,
979 914 1013 965 ut
1035 908 1093 964 iam
1108 924 1123 965 a
1138 908 1285 984 principio

112 994 271 1054 videndum
295 996 333 1053 sit
356 1011 445 1071 quem
468 993 503 1053 ad
528 993 648 1053 modum
671 993 743 1054 velis
766 995 868 1053 venire
890 993 926 1052 ad
950 1001 1124 1054 extremum.

201 1081 263 1142 Nec
277 1084 318 1141 ‘in
341 1083 475 1141 numeris
502 1083 595 1160 magis
623 1098 711 1159 qnam
734 1084 765 1141 in
789 1081 912 1159 reliquis
931 1084 1114 1142 ornamentis
1132 1084 1286 1162 orationis,
1301 1082 1336 1141 io

113 1170 216 1230 eadem
244 1188 312 1230 curn
341 1170 483 1230 iaciamus
516 1178 598 1248 quac*
618 1177 736 1249 poetae,
769 1168 926 1248 effugimus
958 1180 1057 1231 tamen
1088 1172 1119 1228 in
1152 1173 1287 1230 oratione

113 1260 258 1337 poematis
281 1250 512 1318 similitudinem.
561 1256 616 1318 Est
643 1260 722 1317 enim
745 1260 776 1318 in
799 1266 928 1336 utroque
958 1267 987 1318 et
1010 1261 1132 1318 materia
1156 1267 1187 1317 et
1210 1267 1287 1318 trac·

61 1343 202 1408 dotano:
224 1347 347 1406 materia
370 1348 400 1406 in
423 1344 531 1426 verbis,
554 1348 691 1406 tractatio
714 1348 745 1405 in
763 1345 955 1406 collocatione
970 1345 1138 1406 verborum.
1171 1346 1288 1406 Ternae

110 1431 216 1494 'autem
240 1441 311 1494 sunt
333 1435 490 1512 utriusque
514 1441 626 1513 partes:
659 1433 819 1494 verborum
842 1433 990 1514 tralatum,
1014 1451 1131 1513 novum,
1153 1436 1289 1513 priscum

115 1515 198 1605 (nam
222 1521 258 1582 de
281 1524 411 1601 propriis
434 1521 508 1582 nihil
530 1521 586 1582 hoc
610 1521 675 1581 loco
699 1516 853 1604 dicimus),
877 1521 1079 1582 collocationis
1102 1530 1201 1583 autern
1225 1539 1288 1601 eac,-
1302 1541 1335 1582 rs

58 1622 112 1672 202
128 1628 201 1688 quas
224 1609 361 1690 diximus
385 1612 569 1690 compositio,
598 1612 791 1691 concinnitas,
819 1628 971 1671 numerus.
1022 1610 1080 1670 Sed
1103 1613 1288 1688 inutraque

113 1699 333 1777 frequentiores
356 1705 427 1758 sunt
450 1706 480 1758 et
501 1697 657 1758 liberiores
680 1706 798 1778 poetae;
832 1716 899 1758 nam
927 1708 957 1759 et
985 1700 1169 1759 transierunt
1196 1698 1287 1758 verba

113 1805 182 1846 cum
206 1786 342 1846 crebrius
364 1795 428 1846 tum
452 1789 540 1846 etiam
563 1785 718 1867 audacius,
746 1795 776 1846 et
802 1788 909 1865 priscis
936 1785 1078 1847 libentius
1106 1794 1233 1848 utuntur
1257 1795 1288 1846 et

113 1874 237 1935 liberius
260 1876 357 1954 novis3
382 1874 460 1953 quod
483 1874 563 1934 idam
585 1875 619 1934 iit
641 1877 672 1934 in
695 1877 838 1955 numeris,
860 1876 892 1933 in
916 1874 1024 1952 quibus
1048 1877 1133 1952 quasi
1156 1877 1286 1935 necessi·

114 1965 168 2024 tati
189 1980 295 2042 parere
319 1970 480 2043 coguntur3
508 1961 559 2023 sed
587 1970 687 2023 tamen
709 1962 782 2022 hacc
806 1981 861 2022 nec
885 1965 973 2022 nimis
1001 1981 1067 2022 esse
1095 1963 1211 2023 diversa
1234 1981 1286 2023 ne·
1300 1984 1335 2024 so

150 2157 173 2206 1.
193 2152 360 2219 scripserint,
376 2151 449 2205 denn
457 2151 538 2205 stilus
548 2152 591 2204 est
600 2149 671 2220 opti·
725 2149 899 2204 Lauischriti
913 2155 955 2206 67.
970 2155 1021 2203 212
1040 2148 1071 2203 in
1089 2150 1215 2205 oratione
1233 2150 1287 2205 wie

112 2239 174 2276 mns
192 2221 329 2292 magister
347 2222 440 2275 deor.
459 2222 480 2287 I,
501 2226 560 2276 150.
725 2220 756 2274 in
772 2220 888 2286 itinerc3
906 2221 1046 2274 moderata
1064 2222 1198 2290 inpressio
1218 2221 1289 2291 geht

148 2297 173 2347 2.
201 2293 306 2346 orodis
331 2293 496 2360 scriptorum
523 2293 558 2346 de
586 2308 624 2347 or.
650 2291 671 2360 I,
726 2291 891 2360 lengsamen
911 2290 1037 2346 Schritis.

114 2367 164 2416 152
191 2362 239 2444 qui
261 2379 279 2416 a
307 2361 446 2416 scribendi
473 2362 672 2417 consuetudine
763 2366 805 2415 10.
831 2362 863 2415 in
880 2362 1002 2416 numeris
1028 2360 1209 2416 binsicbtlicb
1238 2361 1289 2416 des

112 2433 150 2487 ad
176 2432 325 2487 dicendum
353 2433 444 2501 venit,
476 2432 549 2486 hanc
581 2433 674 2488 adfert
726 2449 871 2498 numerum
898 2429 1083 2487 Unierschied
1101 2433 1150 2486 des
1169 2432 1288 2486 oratori-

112 2502 293 2571 facnliaiem,
316 2505 349 2557 ui
370 2503 457 2557 etiam
477 2504 569 2559 subito
589 2503 613 2557 si
631 2504 672 2557 di·
727 2503 812 2557 schen
830 2503 887 2557 und
905 2502 1070 2572 poetiscbsn
1088 2519 1231 2568 nnmerus;
1256 2505 1290 2558 irs

113 2576 171 2643 cai,
198 2576 294 2629 tamen
311 2574 362 2628 illa
380 2590 452 2642 quae
471 2574 612 2641 dicantur,
636 2575 671 2628 si·
725 2578 840 2644 utroque
857 2572 897 2627 im
916 2576 1030 2638 ornatus
1052 2572 1108 2627 wie
1128 2573 1168 2626 im
1189 2589 1288 2628 nume·

112 2644 192 2699 milia
209 2643 376 2714 scriptorum
395 2661 453 2700 esse
472 2645 625 2700 rideantur.
726 2662 781 2700 rus.
825 2644 917 2699 Ueber
941 2661 990 2698 nec
1012 2646 1090 2713 (non)
1117 2645 1205 2714 mapis
1228 2645 1289 2714 vgl.

148 2721 173 2770 3.
200 2720 367 2770 concurrunt
399 2715 499 2771 stellen
530 2714 590 2770 sich
617 2732 672 2769 von
727 2713 856 2784 Madvigs
875 2714 924 2770 lat.
944 2713 1069 2784 Sprcchl.
1090 2719 1105 2780 ξ
1125 2721 1186 2783 306,
1204 2716 1287 2769 Anm.

112 2785 188 2841 allen
202 2786 297 2840 Seiten
315 2785 361 2839 ein
374 2786 430 2840 und
445 2786 556 2840 werden
570 2786 671 2839 ebenso
726 2791 743 2839 2
762 2784 825 2841 aii.

113 2856 222 2910 schnell
245 2871 282 2910 an
299 2856 380 2909 ihren
397 2856 501 2910 Posien
520 2855 672 2925 gewiesen3
713 2922 715 2926 ,
764 2860 805 2910 13.
824 2855 967 2910 verborum
984 2856 1019 2910 de
1039 2872 1077 2910 or.
1097 2857 1146 2925 III,
1163 2861 1212 2910 152
1232 2855 1293 2911 tria

106 2925 163 2981 der
189 2925 269 2981 (ieist
294 2926 331 2982 ist
362 2927 411 2980 der
443 2927 584 2982 ordncndc
615 2927 673 2980 und
728 2928 793 2980 sunt
810 2925 840 2980 in
857 2925 943 2981 verbo
958 2926 1088 2996 simplici,
1107 2943 1179 2996 quae
1193 2930 1290 2982 orator

112 2996 374 3052 commandierende
409 2997 555 3063 Feldberr,
600 2998 673 3052 nach
727 2996 820 3051 adfert
845 2997 881 3050 ad
907 2996 1103 3051 illustrandam
1128 3002 1214 3066 atque
1242 3015 1292 3053 ex-

112 3070 205 3122 einem
229 3068 275 3123 bei
294 3067 350 3123 Cic.
373 3069 505 3137 htnfigen
522 3067 673 3137 Vergleich
727 3067 880 3122 ornandam
900 3067 1068 3121 orationem:
1097 3072 1148 3122 ant
1169 3068 1288 3122 inusita-

113 3138 164 3192 der
181 3138 384 3193 militiirischen
407 3141 461 3193 mit
483 3138 533 3192 der
555 3137 672 3192 rhetori-
726 3138 1120 3193 tumverbumauinovaium
1134 3141 1184 3194 aui
1196 3140 1288 3193 trans-

112 3209 199 3264 scben
217 3209 331 3265 Talrtik.
726 3209 824 3263 latum.

149 3285 175 3332 4.
207 3280 322 3333 dimittit
353 3279 513 3348 gleichfalls
543 3278 670 3333 militiiri-
739 3280 741 3284 ’
764 3284 806 3333 15.
834 3280 866 3333 dc
893 3281 1020 3350 propriis
1051 3279 1096 3334 die
1123 3280 1203 3335 nicht
1224 3283 1289 3334 znin

113 3350 194 3404 acher
212 3349 366 3418 Ausdruclr‚
391 3351 494 3404 ebenso
511 3351 674 3419 respondent
728 3352 842 3404 omatns
860 3349 900 3403 im
918 3368 1021 3421 engem
1041 3349 1109 3405 Sinn
1127 3350 1261 3420 gehdren.

112 3421 188 3475 beim
208 3420 340 3475 Vcrlesen
358 3439 393 3474 zu
411 3420 551 3475 erkennen
574 3420 673 3491 geben,
764 3426 806 3475 16.
825 3416 948 3477 dicimos
966 3427 980 3488 5
1001 3427 1059 3475 149.
1081 3427 1139 3476 164.

113 3491 177 3546 deas
203 3508 268 3545 man
296 3491 333 3545 da
355 3490 395 3545 ist
422 3492 469 3560 (ad
494 3490 609 3546 nomina
630 3508 673 3546 re·
762 3493 795 3545 in
812 3496 926 3561 utroque
943 3492 983 3546 im
997 3490 1145 3547 Gebraucb
1163 3491 1291 3547 der'l'ro·

114 3561 269 3631 spondere),
288 3562 348 3617 also
366 3561 441 3617 hier:
459 3563 524 3617 dass
539 3562 619 3633 jedes
637 3577 674 3616 an
727 3579 790 3631 pen,
809 3561 863 3616 wia
881 3562 1062 3617 hinsicbtlicb
1080 3563 1130 3617 des
1148 3578 1290 3616 numerus.

115 3631 190 3688 seins
212 3632 332 3701 ricbtigc
356 3632 444 3688 Stella
468 3633 585 3700 kommt‚
613 3633 674 3687 sich
764 3639 805 3688 18.
820 3633 924 3702 priscis
942 3634 977 3688 de
996 3650 1034 3688 or.
1043 3633 1151 3701 111,1as
1171 3632 1291 3702 (prisca)

112 3702 295 3774 beraitwillig
312 3703 422 3758 inReih
436 3703 493 3758 und
501 3703 583 3759 Glied
595 3702 674 3758 stelit
728 3706 794 3759 sunt
819 3705 967 3772 poetarum
994 3704 1127 3758 licentiae
1156 3702 1291 3758 liberiora
1360 3731 1365 3741 ·

113 3773 149 3828 de
168 3791 207 3831 or.
226 3775 274 3842 Ill,
295 3781 345 3829 191
371 3775 426 3844 ipsi
449 3775 594 3830 occurrent
612 3790 673 3829 ora-
727 3791 812 3844 quem
829 3778 949 3830 nostrae.

113 3841 194 3911 tioni,
219 3844 282 3914 ipsi,
309 3845 433 3915 inquam,
459 3863 488 3900 sa
511 3845 627 3900 offerent
645 3846 674 3899 et
764 3850 806 3901 ts.
825 3846 979 3901 mcessitati
996 3850 1011 3910 9
1031 3850 1091 3900 198.

114 3914 324 3982 respondebunt
340 3933 397 3969 non
415 3916 517 3971 vocati.
763 3921 806 3970 20.
838 3917 885 3970 sed
916 3921 1006 3970 tameo
1036 3915 1174 3970 trotzdam
1212 3915 1290 3982 (dass

11 3984 16 4001 '
150 3989 175 4039 t.
195 3986 346 4053 descriptus
368 3985 429 4040 ihre
452 3987 524 4040 nach
547 3987 602 4041 dan
621 3986 673 4041 Ge·
727 3989 828 4055 poetas
846 3987 990 4045 liberiores
1008 3989 1083 4054 sunt)
1102 3985 1178 4056 liegt
1192 4002 1221 4040 es
1241 3986 1296 4040 aui

115 4057 210 4111 seizen
238 4055 287 4110 der
307 4055 411 4111 Taktiir
435 4056 491 4110 lesi
513 4057 674 4111 bestimmte
728 4058 778 4111 der
795 4057 886 4125 Hand,
905 4058 969 4111 dass
987 4056 1033 4111 die
1052 4057 1122 4111 eben
1141 4055 1289 4125 angefiihr·

114 4126 297 4196 Reihenfclge
325 4126 454 4181 schliessi
478 4127 528 4181 das
554 4126 674 4181 einsmu
727 4127 894 4182 tenPunkie
912 4127 1005 4182 weder
1023 4127 1088 4182 sehr
1105 4126 1289 4182 verschieden

114 4196 168 4251 mii
198 4196 317 4264 diesem,
350 4198 400 4252 das
430 4196 591 4252 anderemal
622 4196 675 4252 mii
728 4197 789 4252 sind
825 4198 900 4252 noch
931 4198 1003 4253 ohne
1035 4197 1091 4253 alle
1123 4197 1288 4252 Vernandt

112 4267 208 4338 jenem
226 4268 398 4324 Satzschluss
416 4269 460 4324 ab.
729 4268 829 4324 sebast.
871 4267 928 4324 Der
951 4269 1016 4324 Saiz
1044 4269 1082 4324 isi
1103 4268 1217 4323 ibnlicb
1240 4285 1289 4322 an·

152 4343 177 4392 8.
204 4339 348 4396 incitatior
373 4340 442 4410 gebi
464 4338 618 4409 gleichsam
635 4338 675 4394 im
728 4338 828 4412 gafdgt
849 4339 902 4394 wie
925 4339 960 4396 de
978 4356 1017 4395 cr.
1036 4339 1085 4408 111,
1104 4344 1155 4393 153
1179 4338 1227 4395 sed
1246 4343 1290 4394 ta·
1322 4390 1325 4397 .
