2760 4740
514 153 664 208 ORATOR
683 160 725 210 19.
745 160 858 210 63-65.
1233 153 1276 220 63

100 322 168 383 lunt
201 340 288 401 quam
324 322 464 402 incitare,
500 321 536 381 de
574 319 665 381 rebus
702 321 830 399 placatis*
862 339 896 380 ac
933 323 1052 382 minime
1086 321 1276 404 turbulentis,

101 411 229 471 docendi
259 428 356 484 causa,
387 427 447 469 non
478 409 622 492 capiendi,
652 417 686 469 ut
713 411 744 468 in
768 428 803 468 eo
834 411 908 490 ipso,
939 410 1017 488 quod
1049 411 1276 472 delectationem

101 500 231 578 aliquam
249 499 375 559 dicendo
395 504 591 578 aucupentur,
613 497 680 576 plns
700 496 850 558 nonnullis
870 516 959 576 quarn
977 518 1100 559 necesse
1120 502 1159 560 sit
1177 501 1275 560 lacere

100 587 267 648 videantur.
304 587 383 664 Ergo
407 586 523 646 abhoc
547 605 657 664 genere
681 604 740 646 non
764 586 883 646 difficile
908 594 954 648 est
973 588 1048 648 hanc
1068 587 1275 669 eloquentiam,

74 676 138 738 5de
163 695 221 755 qna
244 693 325 736 nunc
356 677 466 755 agitur,
496 692 663 734 secernere.
714 673 810 735 Mollis
840 683 886 735 est
913 678 992 736 enirn
1022 679 1116 737 oratio
1146 677 1275 756 pbiloso·
1294 686 1335 735 61.»

100 765 231 844 phorum
254 771 283 824 et
306 762 481 844 umbratilis,
504 781 560 822 nec
584 765 739 824 sententiis
763 781 818 823 nec
837 762 935 824 verbis
958 767 1105 825 instructa
1127 765 1275 845 populari·

100 853 172 932 bus,
204 870 260 912 nec
283 854 381 912 vincta
404 853 551 931 numeriS,
584 850 637 911 sed
661 850 757 911 soluta
780 850 918 932 liberius,
950 852 1024 912 nihil
1047 855 1155 913 iratum
1179 853 1276 932 habet,

12 986 19 999 .
101 941 176 1002 nihil
198 940 340 1021 invidum,
372 940 446 1000 nihil
473 948 566 1020 atrox,
598 939 672 999 nihil
699 939 876 1021 miserabile,
908 941 981 1001 nihil
1010 950 1154 1023 astutum,
1187 949 1276 1022 casta,

100 1029 284 1109 verecunda,
313 1031 396 1107 virgo
426 1031 600 1107 incorrupta
631 1028 855 1106 quodammodo.
909 1028 1012 1109 ltaque
1046 1049 1143 1090 sermo
1176 1032 1276 1109 potius

62 1133 88 1172 ro
102 1136 192 1197 quam
219 1120 313 1177 oratio
342 1118 458 1177 dicitur.
510 1116 695 1195 Quamquam
724 1119 802 1177 enirn
836 1120 932 1177 omnis
960 1117 1070 1178 locutio
1099 1121 1193 1179 oratio
1222 1127 1276 1199 est,

101 1213 201 1267 tamen
224 1208 314 1266 unius
337 1207 465 1266 oratoris
487 1204 598 1265 locutio
622 1205 678 1265 hoc
702 1207 823 1283 proprio
844 1209 956 1285 signata
980 1209 1099 1267 nomine
1124 1215 1177 1267 est.

192 1294 407 1375 sophistarum,
431 1294 467 1355 de
492 1293 601 1372 quibus
624 1312 715 1372 supra
738 1293 807 1375 dixi,
830 1297 923 1373 magis
947 1295 1156 1374 distinguenda
1174 1294 1274 1355 simili·
1295 1306 1338 1355 63

101 1383 174 1444 tudo
197 1381 323 1463 videtur,
348 1385 399 1461 qui
422 1400 525 1442 omnes
550 1381 669 1442 eosdem
693 1381 796 1442 volunt
818 1382 917 1465 lloreS,
941 1403 1016 1463 quos
1035 1383 1154 1445 adhibet
1176 1393 1276 1445 orator

100 1475 132 1532 in
157 1473 264 1552 cansiS,
285 1473 435 1550 persequi.
483 1469 542 1530 Sed
564 1470 622 1530 hoc
646 1470 797 1551 differunt,
826 1471 919 1553 quod,
949 1492 1017 1534 cum
1041 1475 1080 1533 sit
1103 1475 1146 1533 eis
1169 1491 1276 1552 propo·

62 1575 87 1615 15
102 1562 193 1620 situm
216 1578 276 1619 non
299 1558 476 1639 perturbare
500 1561 622 1633 animos,
647 1559 699 1619 sed
722 1559 838 1638 placare
862 1564 971 1642 potius,
994 1581 1049 1622 nec
1073 1569 1133 1621 tam
1155 1579 1277 1640 persua-

102 1649 174 1709 dere
199 1666 287 1726 quam
311 1646 468 1728 delectare,
492 1655 521 1707 et
545 1650 677 1726 apertius
700 1647 730 1707 id
754 1649 866 1711 iaciunt
889 1669 977 1729 quam
1000 1659 1109 1713 noset
1133 1650 1278 1730 crebrius,

103 1739 266 1797 concinnas
288 1739 382 1815 magis
406 1738 569 1796 sententias
593 1738 753 1815 exquirunt
777 1755 865 1815 quam
888 1738 1065 1818 probabiles,
1094 1757 1166 1798 are
1190 1755 1277 1816 saepe

77 1888 80 1895 ,
103 1825 271 1906 discedunt,
295 1827 433 1890 intexunt
456 1823 579 1906 tabulas,
606 1824 696 1885 verba
719 1825 806 1885 altius
830 1828 1016 1888 transferunt
1039 1842 1131 1905 eaque
1155 1830 1197 1887 ita
1220 1827 1278 1886 dis·

102 1921 219 1993 ponunt
242 1921 276 1973 ut
298 1915 430 1992 pictores
453 1914 626 1973 varietatem
649 1912 792 1994 colorum,
808 1918 897 1993 ‚paria
919 1915 1041 1994 paribus
1060 1917 1205 1996 referunt,
1229 1914 1278 1974 ad-

64 2019 190 2063 reversa
213 2003 381 2082 contrariis,
405 2003 637 2080 saepissimeque
662 2002 798 2062 similiter
822 2011 953 2063 extrema
977 2005 1131 2065 definiunt.

103 2194 152 2248 des
165 2192 295 2246 Zweckes
310 2190 488 2260 asyndetisch
502 2192 593 2255 neben
607 2191 665 2246 ein-
684 2224 692 2237 κ

720 2192 780 2246 satz
798 2207 853 2245 von
872 2191 1013 2247 contentio
1037 2193 1095 2261 ,der
1117 2193 1280 2249 feierlichen
1375 2231 1378 2235 ι

103 2262 313 2332 endergestellt.

719 2262 824 2331 Rede‘).

140 2359 165 2405 3.
185 2352 307 2420 aliquam
327 2350 408 2419 ‚doch
428 2349 664 2419 einigermnesen‘.

105 2427 278 2491 decerperetur
292 2427 392 2476 84.197
407 2420 602 2475 delectationis
616 2436 664 2474 eu-

105 2493 226 2562 cupium.

141 2589 166 2636 6.
194 2580 350 2635 umbratilis
378 2579 438 2634 lebt
465 2579 523 2632 und
551 2577 666 2648 gedeiht

104 2671 156 2707 nur
178 2652 219 2705 im
238 2651 373 2706 Schttten
396 2650 446 2704 der
465 2648 585 2703 Schulen
607 2649 665 2702 und

104 2723 143 2778 ist
165 2723 252 2776 daher
277 2722 323 2774 fiir
341 2722 391 2775 des
410 2720 503 2775 Leben
521 2720 600 2774 nicht
619 2736 665 2789 ge·

104 2793 225 2861 krnnigt
248 2808 351 2862 genug,
374 2791 409 2846 de
429 2802 472 2846 or:
487 2792 508 2860 I,
530 2791 666 2845 15797111-

107 2865 194 2919 cenda
217 2863 303 2918 dictio
327 2864 371 2917 est
389 2878 423 2916 ex
440 2863 494 2916 hac
513 2862 667 2916 domestica

107 2934 307 2989 exercitatione
332 2935 361 2987 et
378 2933 522 2987 umbratili
544 2932 668 2988 medium

106 3005 136 3059 in
155 3021 265 3074 agmen,
288 3003 494 3073 inpuberem,
516 3002 546 3056 in
564 3003 666 3058 clamo·

106 3075 227 3201 {retr
355 3077 453 3199 ru.
466 3073 668 3213 trouu

218 3189 224 3200 .
329 3187 334 3198 .
378 3185 384 3208 ‚
447 3187 453 3212 ‚

106 3217 160 3272 wie
179 3217 219 3271 sie
238 3217 287 3271 der
304 3215 448 3285 populeris
463 3215 524 3283 (eui
534 3215 668 3272 desVollr

107 3287 279 3355 wirkenden)
298 3286 389 3342 oratio
408 3302 591 3356 angemcssen
605 3285 668 3340 sind

107 3360 181 3428 (151)
201 3364 243 3413 ao.
263 3358 298 3412 ue
318 3374 355 3412 or.
375 3357 411 3427 Π,
430 3362 490 3411 159.

144 3473 169 3519 7.
201 3465 295 3518 cincta
325 3465 447 3518 curreris
477 3469 520 3518 40.
546 3469 667 3517 77174.

109 3541 168 3592 183.
187 3535 265 3590 Brut.
276 3541 329 3589 274
343 3551 394 3588 nec
407 3550 473 3589 vero
491 3535 561 3588 haec
578 3535 669 3587 soluta

107 3623 159 3661 nec
178 3606 348 3674 diffluentis,
372 3606 421 3660 sed
439 3606 556 3659 astricte
573 3620 669 3658 nnme-

107 3677 155 3745 ris,
175 3677 210 3731 de
228 3693 267 3733 or.
286 3677 333 3744 m,
353 3681 414 3730 176.
434 3679 494 3730 184.

146 3788 170 3836 9.
189 3783 268 3850 oirpo
286 3781 339 3836 wie
359 3780 604 3845 connumerem
623 3781 668 3836 die

109 3852 271 3921 eloquentia
307 3853 349 3907 nie
386 3853 466 3922 virgo
502 3852 553 3905 der
574 3852 670 3906 estellt

108 3923 191 3990 wird3
226 3940 310 3978 sermo
335 3924 373 3978 ist
400 3923 446 3977 die
472 3870 595 3992 Sprncte
620 3922 669 3976 des

109 3995 321 4063 gewdhnlichen
333 3993 455 4049 socialen
462 3992 602 4048 Verlrehrs
621 3992 671 4061 (im

109 4066 278 4135 Gespr'tohs·
301 4065 359 4119 und
377 4064 670 4132 Unterhaltungston)‚

109 4136 170 4190 hier
196 4136 324 4205 uugleich
349 4135 402 4190 mit
423 4135 600 4204 Anspielung
623 4135 675 4189 auf

110 4206 155 4260 die
179 4206 350 4276 dialogische
368 4207 452 4260 Form
471 4211 531 4260 161.
551 4211 610 4260 184.
634 4205 672 4259 ed

109 4277 228 4331 Herenn.
255 4279 302 4345 ΙΠ,
326 4283 360 4331 23
393 4278 482 4342 sermo
513 4278 557 4332 est
581 4276 671 4331 oratio

110 4347 226 4403 remissa
248 4352 277 4403 et
301 4346 422 4402 finitima
448 4347 606 4402 cotidianae
629 4346 671 4401 lo·

112 4418 224 4487 omioni,
243 4419 278 4474 de
297 4435 335 4474 or.
354 4419 403 4488 III,
424 4424 474 4473 177
495 4418 545 4486 (im
564 4417 672 4490 (tegen-

757 2338 798 2385 11.
813 2333 932 2401 proprio
949 2332 1009 2386 ihm
1028 2334 1123 2404 eigens
1141 2336 1199 2389 und
1217 2331 1279 2390 κατ’

720 2398 821 2471 ἐξοχὴν
840 2404 1061 2459 zukommenden
1072 2406 1287 2476 Bezeichnung·,·.

719 2475 831 2542 manate
875 2474 1105 2544 ekennzeichnet‚
1135 2477 1188 2531 wie
1219 2477 1284 2532 eine

719 2544 819 2597 Mtinze
866 2545 934 2598 urch
960 2546 1010 2599 das
1034 2547 1079 2599 ihr
1106 2546 1204 2615 eigene
1227 2547 1286 2602 Ge*

719 2618 815 2683 prige,
835 2631 870 2668 an
888 2615 953 2668 dem
972 2615 1011 2670 sie
1030 2616 1149 2671 erkcnnt
1165 2618 1244 2671 wird.

756 2720 783 2788 b)
804 2736 869 2775 von
891 2720 950 2774 der
972 2722 1114 2778 Diction
1141 2724 1200 2778 der
1224 2725 1284 2781 So-

720 2792 861 2860 phisten
879 2790 1093 2862 (Schdnredner)
1113 2799 1155 2850 65.

759 2904 800 2951 12.
819 2904 939 2966 19111αὲ
958 2906 1006 2967 37;
1038 2901 1135 2970 mepte,
1153 2901 1218 2955 weil
1237 2902 1289 2956 die

721 2968 940 3038 Verwechslnng
962 2971 1059 3025 beider
1077 2971 1226 3026 Dictionen
1251 2989 1287 3027 so·

720 3038 809 3092 leicht
825 3039 871 3101 ist.

758 3115 800 3164 13.
819 3111 898 3176 flores
917 3115 959 3164 96.
984 3111 1020 3165 de
1039 3128 1077 3167 or.
1096 3112 1144 3181 III,
1164 3119 1198 3168 96
1218 3129 1282 3168 oon-

722 3196 818 3250 sperse
840 3209 875 3220 -
894 3182 976 3249 quasi
998 3183 1147 3237 verborum
1172 3187 1287 3239 senten--

720 3251 880 3320 tiarnmque
889 3251 1016 3318 floribus3
1034 3254 1066 3307 in
1080 3256 1172 3308 causis
1184 3255 1214 3309 in
1227 3256 1282 3310 den

721 3321 885 3376 wirklichen
903 3323 1104 3392 Rechtsfallen‚
1122 3325 1163 3378 im
1174 3326 1288 3396 (teger--

723 3394 781 3447 satu
800 3410 864 3445 num
882 3391 964 3460 γένος
983 3390 1193 3449 ἔπιδεικτικόν.’

759 3469 801 3518 18.
821 3465 944 3532 apertior
962 3471 1004 3521 38.
1025 3472 1085 3522 230.

760 3540 801 3588 17.
825 3535 974 3589 condonas
992 3537 1285 3607 ‚schdn.gegliedert‘;

723 3623 742 3659 a
764 3621 793 3659 rc
814 3620 835 3660 s.
860 3606 1004 3660 discedunt
1021 3607 1051 3661 in
1070 3607 1124 3661 den
1142 3608 1288 3677 htufigen,

722 3675 891 3757 absicbtlich
927 3675 1136 3745 engebrnchten
1171 3677 1290 3747 Digres·

723 3762 828 3800 sronen.
958 3795 960 3800 .
1035 3758 1040 3764 ⁴

760 3820 802 3870 18.
832 3815 918 3870 altine
946 3819 1121 3885 haneferunt
1151 3819 1284 3875 erlauben

724 3887 784 3941 sich
802 3887 926 3941 lnihnere
944 3887 1120 3958 Metephern‚
1138 3895 1153 3956 8
1172 3895 1215 3946 82.

761 3963 803 4011 19.
821 3959 980 4012 carucatam
999 3959 1120 4031 colorum
1136 3961 1171 4015 de
1191 3979 1229 4016 or.
1248 3963 1291 4030 II,

725 4034 759 4083 54
786 4028 896 4083 Caelius
921 4046 1012 4100 neque
1042 4031 1172 4088 distinxit
1197 4032 1288 4086 histo*

723 4099 796 4153 riam
813 4099 950 4156 venetete
968 4103 1093 4159 colorum
1111 4105 1177 4169 etc.;
1196 4103 1305 4171 paria?

720 4172 841 4239 paribus
859 4173 911 4227 etc.
933 4177 976 4231 38.
997 4179 1056 4228 175.

762 4277 789 4346 0)
814 4295 879 4332 von
904 4278 1126 4334 correction
1151 4278 1208 4332 uer
1226 4269 1293 4333 nr:

727 4347 877 4403 steriker
897 4355 944 4415 663
964 4367 984 4406 s.
1004 4348 1077 4404 oben
1095 4354 1111 4413 ξ
1128 4355 1175 4402 37,
