2760 4740
520 154 671 210 ORATOR
689 161 732 209 rs.
753 159 901 209 rso—reo.
1003 106 1009 113 ⁶
1239 153 1305 216 115

125 323 254 385 suetudo
278 341 338 383 non
361 321 504 402 probavit.
560 321 637 392 Quid
670 338 739 381 vero
773 320 829 380 hoc
860 319 1033 400 elegantius,
1066 319 1144 398 quod
1177 337 1236 379 non
1270 320 1304 380 fit

125 421 246 491 natura,
276 411 328 472 sed
363 411 490 489 quodam
521 406 681 470 instituto?
735 405 901 489 ,lndoctus‘
933 408 1059 468 dicimus
1093 407 1176 467 brevi
1207 409 1303 486 prima

125 501 234 580 littera,
261 496 406 579 ,insanus‘
431 498 589 579 producta,
616 493 815 579 ,inhumanus‘
841 497 938 578 brevi,
965 492 1087 576 ,infelix‘
1113 496 1208 575 longa.
1254 495 1304 573 Et,

124 608 164 650 ne
188 589 300 667 multis,
324 587 432 666 quibus
455 589 487 647 in
510 586 608 647 verbis
633 604 684 646 eae
708 588 821 665 primae
844 585 960 647 litterae
985 592 1064 666 sunt,
1093 587 1224 663 quaein
1246 603 1301 664 ,sa-

97 672 240 758 epientc‘
270 686 368 755 atquer
390 671 509 756 ,felice‘,
525 671 686 755 'producte
719 675 829 735 dicitur
860 669 924 754 ,in‘,
958 676 989 733 in
1022 676 1132 734 ceteris
1165 673 1304 734 omnibus

128 767 268 827 breviter.
314 752 448 936 ltebqyre
472 765 648 843 ,conposuit
672 765 836 842 consuevit,
855 765 1039 842 concrepuit,
1058 759 1208 823 confecit‘:
1233 781 1302 822 con·

127 855 193 916 sule
217 857 382 931 veritatem,
423 852 620 932 eprehendet;
652 852 733 912 reler
756 852 792 911 ad
816 870 917 931 aures,
943 849 1121 930 probabunt.
1177 850 1303 927 Quaere,

128 939 206 1005 cur?
238 945 278 1003 ita
313 960 344 1002 se
377 942 477 1013 dicent
508 943 612 1001 iuvari.
667 939 816 1019 Voluptati
848 948 947 1000 autem
980 942 1096 1000 aurium
1128 942 1301 1018 morigerari

128 1031 218 1092 debet
242 1033 344 1092 oratio.
390 1028 472 1100 Quin
493 1047 548 1108 ego
571 1032 646 1108 ipse,
669 1047 737 1091 cum
756 1031 865 1088 scirem
883 1031 923 1088 ita
941 1031 1069 1089 maiores
1082 1028 1198 1088 locutos
1213 1047 1288 1107 esse,
1304 1039 1359 1088 reo

85 1143 113 1182 1o
128 1129 163 1181 ut
186 1137 333 1198 nusquam
357 1120 416 1178 nisi
437 1119 469 1177 in
492 1117 586 1178 vocali
608 1119 787 1196 aspiratione
816 1124 986 1196 uterentur,
1014 1116 1157 1195 loquebar
1184 1120 1241 1196 sic,
1269 1125 1303 1178 ut

127 1208 268 1290 ,pulcros,
292 1207 427 1285 Cetegos,
450 1208 606 1285 triumpos,
629 1201 829 1284 Kartaginem‘
852 1205 995 1286 dicerem,
1019 1205 1185 1285 aliquando,
1212 1206 1301 1283 idque

129 1316 211 1377 sero,
244 1297 378 1357 convicio
401 1297 517 1355 aurium
546 1313 615 1356 cum
643 1302 758 1355 extorta
785 1293 858 1355 mihi
884 1296 993 1354 veritas
1021 1302 1114 1372 esset,
1145 1313 1233 1354 usum
1260 1295 1301 1354 lo-

129 1386 240 1464 quendi
263 1384 374 1464 populo
398 1385 542 1462 concessi,
566 1385 720 1443 scientiam
743 1382 816 1442 mihi
838 1385 995 1443 reservavi.
1037 1381 1180 1456 ‚Orcivios
1202 1393 1302 1444 tamen

129 1482 159 1534 et
173 1473 317 1551 Matones,
340 1471 462 1552 Otones,
485 1470 658 1550 Caepiones,
682 1471 827 1551 sepulcra,
850 1489 985 1552 coronas,
1003 1469 1148 1531 lacrimas‘
1167 1472 1305 1552 dicimus,

86 1585 113 1624 ιι
129 1564 199 1640 quia
221 1579 277 1641 per
300 1563 416 1621 aurium
444 1560 587 1620 iudicium
615 1560 693 1620 licet.
742 1556 891 1637 ,burrnm‘
919 1577 1037 1639 semper
1059 1559 1189 1640 Ennius,
1217 1579 1301 1621 num·

128 1668 218 1729 quam
240 1649 423 1729 ,Pyrrhum‘;
457 1645 501 1708 ‘vi
528 1648 734 1728 patefecerunt
757 1643 896 1729 Bruges,'
928 1667 989 1708 non
1010 1646 1176 1728 ,Phryges‘,
1207 1651 1302 1728 ipsius

127 1741 243 1817 antiqui
273 1737 424 1798 declarant
456 1736 557 1796 libri„
587 1736 648 1797 Nec
678 1739 757 1797 enim
785 1736 927 1796 Graecam
958 1737 1087 1797 litteram
1115 1737 1307 1818 adhibebant,

128 1845 210 1888 nunc
234 1833 335 1887 autem
352 1827 448 1886 etiam
471 1825 554 1905 duaS,
582 1834 612 1885 et
636 1844 705 1885 cum
727 1825 877 1904 Phrygum
901 1833 931 1885 et
953 1824 1120 1904 Phrygibus
1143 1826 1302 1887 dicendum

128 1924 218 1996 esset,
247 1914 409 1975 absurdum
434 1921 498 1974 erat
521 1923 571 1975 aut
595 1916 684 1974 etiam
706 1916 737 1974 in
761 1912 894 1974 barbaris
918 1913 1036 1974 casibus
1059 1913 1202 1975 Graecam
1224 1915 1301 1977 litte-

127 2069 213 2134 sum‘3
232 2065 311 2122 ouius
329 2065 460 2120 meminit
472 2065 606 2132 Lucilius,
624 2083 688 2120 cum
779 2073 821 2121 16.
841 2067 929 2134 ipsius
944 2066 1095 2136 Originale,
1114 2066 1160 2121 die
1174 2083 1229 2121 von
1241 2066 1302 2120 ihm

128 2139 183 2193 ait:
211 2153 267 2206 quo
292 2137 411 2192 facetior
435 2138 547 2192 videare
571 2140 600 2192 et
618 2138 688 2193 scire
742 2138 828 2192 selbot
846 2138 1011 2204 herriihren,
1035 2139 1094 2191 also
1118 2137 1196 2192 nicht
1214 2138 1302 2192 durch

126 2209 192 2279 plus
211 2225 298 2278 quam
312 2209 406 2276 ceteri,
425 2209 577 2278 ,pertisum‘
599 2208 687 2262 homi·
743 2209 1045 2278 epiterehbschreiber
1062 2209 1212 2264 verendert
1229 2207 1301 2263 sind.

127 2297 201 2404 nequ,
208 2281 456 2404 ,qonaperdtaeaprp
474 2279 575 2404 digere.
740 2349 762 2402 t,
780 2285 821 2361 17,
841 2279 1006 2335 adhibebunt
1019 2279 1183 2335 entlehnten
1201 2296 1239 2334 sc.
1252 2297 1301 2334 an·

183 2391 190 2404 .
244 2367 258 2404 c
305 2368 318 2404 s
355 2367 387 2404 as
417 2366 433 2404 o
466 2367 498 2404 on
522 2367 544 2404 e.
754 2367 821 2404 rur.

164 2427 189 2476 2.
207 2426 313 2476 noima
323 2417 417 2490 φύσει,
435 2368 516 2475 rigicht
533 2421 606 2474 nach
618 2421 687 2490 pho·
765 2368 820 2474 q18.
846 2423 918 2476 dnae
944 2420 1067 2475 nbmlich
1092 2441 1110 2474 n
1134 2422 1191 2476 und
1214 2441 1236 2490 ῳ
1259 2422 1305 2476 als

127 2491 274 2548 nehischen
298 2491 446 2559 Gesetzen,
474 2492 593 2546 sondern
617 2492 690 2546 nach
743 2492 832 2545 Lauta
862 2486 960 2556 Quint*
980 2493 1041 2558 XII,
1068 2497 1110 2559 10,
1135 2499 1169 2546 27
1203 2493 1302 2559 (latina

126 2562 282 2632 genimen,
322 2562 463 2632 positiven
500 2561 690 2617 tethetischen
743 2560 884 2630 facundie)
917 2564 960 2617 cst
990 2563 1060 2631 ipsis
1092 2563 1166 2617 sonis
1198 2563 1301 2631 durior,

126 2633 327 2700 Riicksichten‚
346 2631 437 2688 θέσει.
743 2632 854 2702 quando
873 2634 903 2687 et
919 2632 1132 2688 iucundissimas
1146 2649 1180 2688 ex
1188 2633 1301 2689 Graecis

163 2711 189 2759 4.
208 2721 242 2759 nc
260 2705 355 2759 multia
373 2721 409 2758 sc.
418 2703 511 2758 verbis
518 2706 582 2758 utar
589 2703 688 2771 ,kurz‘3
742 2704 852 2758 litteras
870 2720 926 2759 non
944 2703 1093 2773 habemus,
1115 2705 1242 2759 vocalem
1261 2705 1302 2759 al·

126 2792 174 2830 ⁶⁰³
194 2776 323 2900 liiii
339 2774 688 2901 Ῥέῖιῖἒῗῖὶὲἢᾞὲιίῒ
742 2775 1214 2901 bibuliiimudiim‘iniil’
1240 2776 1301 2859 ‘¹¹¹³'

125 2863 207 2985 ibin,
228 2919 306 2972 sonet
322 2916 405 2984 burm
425 2917 526 2971 eberiso
535 2863 688 2971 istgesliuit
740 2920 815 2984 rant3
840 2933 910 2985 quas
929 2864 1052 2971 mitrati
1075 2864 1303 2986 ioleiirublisqsvioi

126 3005 193 3044 con:
213 2987 273 3042 also
283 2987 439 3056 conposuit,
450 2987 603 3056 consuevit,
622 2990 699 3041 odn-¹
741 2986 813 3042 tiens
843 2988 956 3041 illorum
988 2986 1148 3042 nominibus
1179 2987 1303 3054 utimum

126 3059 245 3129 crepuit,
265 3057 391 3112 confecit.
741 3057 827 3126 (quod
851 3075 915 3112 cum
938 3058 1088 3126 contingit,
1115 3059 1209 3113 nescio
1232 3075 1300 3127 quo-

163 3137 189 3185 6.
213 3130 322 3184 consule
350 3160 384 3169 -
409 3128 591 3197 reprehendet,
619 3129 688 3182 viber
741 3129 826 3183 modo
842 3128 959 3182 hilarior
976 3129 1103 3198 protinus
1116 3128 1227 3185 renidet
1241 3147 1300 3184 orc-

126 3201 178 3256 das
203 3200 366 3269 Asyndeton
390 3218 411 3253 s.
434 3205 688 3264 §167.214.232.
742 3200 792 3267 tio,
821 3202 854 3254 ut
877 3199 907 3253 in
933 3201 1068 3270 Zephyris
1097 3201 1126 3254 et
1153 3201 1300 3270 Zophoris:

124 3272 204 3326 Brut.
224 3275 267 3326 68.
742 3287 814 3340 quae
841 3271 864 3325 si
887 3272 990 3325 nostris
1012 3271 1113 3326 litteris
1137 3272 1302 3336 scribantur,

162 3348 187 3397 7.
206 3342 346 3396 ceritatem
359 3341 413 3396 wie
427 3342 512 3396 oben:
532 3341 578 3396 die
590 3341 688 3401 Grcm-
742 3341 856 3401 surdum
875 3341 1010 3410 quiddam
1029 3345 1058 3396 ct
1076 3342 1225 3397 barbarum
1244 3343 1300 3397 effi-

124 3411 217 3467 matik
236 3412 303 3466 oder
326 3411 371 3467 die
388 3412 497 3482 Regeln
523 3412 572 3466 der
591 3411 688 3466 Gram·
742 3412 828 3482 cient)
861 3414 891 3466 et
920 3413 999 3468 velut
1030 3413 1060 3467 in
1085 3414 1178 3468 locum
1206 3431 1301 3468 earum

124 3483 225 3538 maiik.
253 3482 347 3548 Quint.
366 3482 388 3553 Ι,
407 3489 456 3550 323
488 3483 560 3550 refer
582 3483 687 3553 ,appel-
742 3483 893 3538 succedunt
910 3483 1004 3538 tristes
1028 3486 1057 3538 et
1074 3485 1215 3552 horridae,
1240 3485 1300 3553 qui-

124 3555 211 3609 liere‘.
741 3553 794 3607 bus
808 3553 926 3609 Graecia
944 3557 1028 3622 caret,
1049 3554 1171 3609 ndmlich
1185 3556 1204 3608 f.
1218 3573 1244 3608 u.
1259 3574 1304 3621 uc

161 3631 187 3680 8.
206 3625 302 3679 iurari
320 3640 358 3691 ,es
376 3625 446 3678 thue
463 3624 549 3678 ihnen
567 3641 597 3679 so
616 3625 688 3681 wol‘.
743 3625 887 3695 Phrppum
909 3630 934 3679 et
958 3625 1117 3694 Phrppibuc
1143 3625 1196 3679 mit
1219 3625 1304 3680 latei-¹

163 3702 205 3750 11.
225 3696 378 3764 aliquando
397 3694 518 3761 endlich,
536 3696 609 3749 nach
625 3695 688 3749 lan-
742 3694 853 3751 nisoher
871 3695 1000 3763 Flexion,
1022 3694 1088 3750 weil
1105 3695 1164 3750 sich
1182 3696 1243 3750 hier
1259 3695 1303 3751 im.

125 3784 190 3838 gem
219 3766 444 3822 Zwischenraum
475 3765 510 3820 de
536 3767 593 3835 opt.
623 3783 687 3836 gen.
742 3765 810 3820 Gen.
835 3766 893 3820 und
920 3766 1007 3821 Dativ
1037 3766 1084 3821 die
1109 3766 1303 3837 griechischen

125 3855 165 3893 or.
186 3844 229 3892 23.
461 3866 464 3871 ν
743 3834 938 3892 Oasusformen
965 3838 1095 3906 (Φρυγῶν
1120 3838 1177 3892 und
1200 3840 1302 3908 Φρυξί)

163 3915 207 3963 12.
226 3909 349 3962 conuicio
371 3908 461 3962 durch
478 3908 533 3962 den
552 3908 688 3964 enischie·
742 3907 814 3962 doch
831 3907 911 3963 nicht
928 3908 1071 3963 brauchen
1088 3909 1197 3964 liessen.

126 3980 227 4048 denen,
245 3979 345 4034 lauten
361 3979 573 4047 Widerspruch:
606 3995 687 4034 aures
778 3985 819 4034 19.
839 3980 991 4034 mumdum
1008 3985 1076 4047 erat,
1094 3997 1125 4036 so
1138 3997 1197 4034 war
1211 3996 1301 4036 esun-

125 4050 287 4121 persitnlich
305 4050 428 4120 gedacht
445 4049 498 4104 wie
517 4056 568 4105 159
587 4049 687 4120 proba·
741 4051 860 4121 gereimt
874 4050 1020 4120 (ungehhri
1038 4053 1059 4134 ),
1079 4051 1301 4108 eniwederauch

125 4123 211 4187 bunt;
230 4127 338 4176 extorta
352 4137 381 4175 es
395 4121 490 4175 vaurde
504 4119 558 4174 mir
571 4123 687 4188 schum,
741 4121 771 4175 in
797 4121 852 4176 den
877 4139 957 4177 casus
988 4068 1096 4191 obbqui
1127 4120 1301 4193 griechiache

125 4208 182 4249 von
200 4192 251 4247 der
264 4191 500 4262 grammatischen
514 4191 688 4262 Richtigkeit
741 4193 832 4246 Laute
858 4193 912 4247 mit
935 4192 1162 4264 ungriechischar
1183 4191 1321 4247 Flexion=

120 4263 282 4333 -shzugebn
741 4282 776 4317 zu
793 4263 946 4318 verbinden
965 4264 1033 4318 oder
1049 4262 1154 4319 uurim
1167 4260 1240 4327 Nom

163 4340 205 4390 13.
223 4335 327 4403 populo
346 4332 447 4403 sprach
464 4348 503 4400 so,
521 4332 574 4388 wie
588 4351 618 4389 es
636 4333 687 4389 das
740 4333 783 4389 tiv
802 4333 888 4388 allein
906 4333 1226 4404 griechischerh'omd

125 4405 278 4461 Publikum
297 4424 332 4459 zu
351 4405 437 4459 hdren
455 4404 588 4473 gewohnt
603 4421 671 4459 vvar.
744 4401 866 4476 bqoiyect
883 4405 950 4461 sich
963 4400 1226 4464 uuhcdxcnembr

1078 4485 1122 4542 Q*
