2760 4740
466 163 615 218 ORATOR
633 169 676 219 11.
696 169 846 218 ara-mo.
1186 164 1249 227 143

71 331 221 411 antiquos,
243 328 441 411 Aristotelem,
464 328 711 409 Theophrastum,
739 328 949 410 Theodectem,
977 329 1140 411 Ephorum,
1170 350 1248 391 unus

72 420 244 498 aptissimus
268 418 395 477 orationi
420 416 464 476 vel
487 419 596 479 orienti
618 417 664 477 vel
688 416 814 497 mediae;
837 425 944 497 putant
962 418 1005 478 illi
1020 421 1108 479 etiam
1123 419 1248 499 cadenti,
1284 444 1288 454 r
1367 483 1370 488 ,

73 525 133 586 quo
156 506 221 566 loco
245 505 318 565 mihi
341 503 458 565 videtur
489 507 584 584 aptior
612 507 750 565 creticus
800 505 962 566 Dochmius
991 514 1089 567 autem
1118 526 1134 566 e
1163 509 1248 586 quin·

73 613 132 674 que
156 592 284 674 syllabis,
307 592 399 673 brevi,
423 592 538 654 duabus
560 593 666 674 longis,
688 592 781 674 brevi,
804 593 899 675 longa,
923 602 956 655 ut
980 603 1026 655 est
1049 596 1105 655 hoc
1127 597 1248 675 ,amicos

45 677 182 763 stenes‘,
216 684 320 760 quovis
347 681 412 740 loco
441 689 527 760 aptus
554 689 614 762 est,
646 681 717 742 dum
745 682 837 742 semel
863 689 1005 763 ponatur3
1039 686 1165 744 iteratus
1198 691 1250 744 aut

74 772 265 832 continuatus
288 787 447 829 numerum
470 777 606 848 apertum
634 777 665 830 et
692 771 780 835 nimis
808 773 954 849 insignem
983 771 1061 831 iacit.
1111 771 1164 832 His
1189 767 1303 852 65,219

73 861 165 939 igitur
189 865 233 919 tot
256 857 538 918 commutationibus
561 867 680 936 tamque
704 860 793 918 variis
816 861 842 918 si
861 866 990 940 utemur,
1013 878 1069 919 nec
1084 860 1247 939 deprehen·

74 947 163 1008 detur
185 947 341 1006 manifesto
365 944 396 1005 id
420 945 499 1024 quod
523 965 539 1004 a
562 945 648 1005 nobis
675 945 713 1006 de
740 946 887 1006 industria
914 948 978 1028 liet,
1010 956 1041 1009 et
1072 955 1249 1008 occurretur

74 1037 211 1096 satietati.
256 1033 295 1094 Et
318 1036 387 1112 quia
410 1052 470 1093 non
494 1052 618 1094 numero
643 1034 739 1094 solum
753 1053 912 1095 numerosa
927 1038 1030 1117 oratio,
1053 1035 1106 1096 sed
1126 1045 1155 1096 et
1170 1054 1247 1096 com·

32 1125 222 1204 repositione
246 1123 279 1181 fit
302 1130 332 1182 ct
354 1141 473 1202 genere,
498 1121 576 1201 quod
600 1130 667 1183 ante
682 1123 795 1182 dictum
810 1132 864 1203 est,
887 1126 1096 1185 concinnitatis
1111 1158 1153 1166 —
1169 1142 1247 1184 com·

73 1213 222 1292 positione
245 1218 345 1289 potest
367 1210 508 1291 intellegi,
531 1230 600 1271 cum
622 1213 663 1271 ita
687 1218 800 1271 structa
823 1211 913 1270 verba
936 1220 1019 1293 sum,
1048 1222 1082 1272 ut
1104 1231 1248 1272 numerus

74 1318 136 1362 non
160 1301 325 1380 quaesitus,
353 1297 406 1358 sed
429 1301 493 1377 ipse
517 1307 639 1359 secutus
663 1317 728 1358 esse
752 1299 899 1380 videatur,
932 1307 966 1360 ut
994 1301 1070 1379 apud
1094 1299 1248 1360 Crassum:

72 1407 152 1470 ,nam
174 1386 227 1448 ubi
249 1386 351 1446 lubido
374 1387 552 1468 dominatur,
575 1389 761 1447 innocentiae
784 1386 847 1446 leve
870 1389 1052 1467 praesidium
1076 1383 1142 1449 est‘:
1176 1389 1249 1448 ordo

74 1478 155 1536 enim
185 1475 344 1535 verborum
377 1476 469 1539 elficit
498 1493 657 1536 numerum
688 1478 752 1534 sine
786 1475 845 1535 ulla
875 1485 976 1554 aperta
1006 1479 1134 1538 oratoris
1164 1477 1248 1537 indu·

32 1583 60 1624 15
75 1567 150 1626 stria
171 1583 229 1623 —:
259 1565 358 1641 itaque
383 1566 409 1622 si
432 1582 507 1641 quae
530 1570 647 1623 veteres
669 1563 712 1623 illi
735 1557 933 1645 (Herodotum
956 1564 1022 1624 dico
1047 1574 1077 1625 et
1100 1565 1247 1644 Thucydi·

74 1652 143 1713 dem
168 1659 318 1730 totamque
342 1669 406 1711 eam
429 1646 569 1733 aetatem)
600 1659 667 1730 apte
696 1670 915 1730 numeroseque
943 1653 1095 1733 dixerunt,
1125 1671 1159 1713 ea
1189 1671 1249 1712 non

73 1759 201 1802 numero
225 1741 374 1820 quaesito,
401 1740 454 1799 sed
477 1739 638 1799 verborum
660 1739 852 1799 collocatione
883 1742 1065 1801 ceciderunt.
1110 1741 1235 1801 Formae
1251 1753 1304 1802 aaa

73 1847 144 1890 vero
168 1827 313 1907 quaedam
336 1836 406 1887 sunt
429 1829 581 1909 orationis,
604 1829 635 1887 in
659 1827 768 1907 quibus
792 1846 825 1887 ea
849 1830 1034 1889 concinnitas
1058 1837 1117 1909 est,
1146 1837 1180 1890 ut
1204 1848 1248 1889 se-

74 1925 183 1997 quatur
207 1934 350 1976 numerus
378 1918 556 1976 necessario.
605 1915 679 1975 Nam
708 1934 777 1976 cum
804 1924 854 1976 aut
882 1935 935 1995 par
958 1919 1022 1996 pari
1046 1918 1176 1978 reiertur
1200 1925 1250 1977 aut

74 2067 311 2125 eminentissimos
334 2066 502 2122 Graecorum
526 2069 568 2122 est
593 2085 634 2122 se·
688 2068 768 2122 these
794 2067 872 2121 dient
897 2067 981 2136 daun,
1013 2087 1061 2122 um
1092 2086 1128 2123 an
1158 2068 1250 2124 einem

74 2141 168 2209 cutus)
188 2140 304 2207 excepto
323 2138 399 2207 quod
421 2156 471 2207 pes
489 2139 559 2192 mihi
577 2141 635 2193 tres
688 2137 812 2206 Beispiel
835 2157 870 2192 an
895 2138 1000 2208 aeigen,
1025 2139 1079 2193 wie
1104 2140 1150 2194 die
1173 2139 1250 2194 Rede

75 2211 199 2280 syllabas
236 2225 293 2263 non
336 2209 448 2263 videtur
489 2209 634 2274 excedere3
688 2209 776 2263 durch
794 2207 840 2264 die
859 2207 1051 2277 Composition
1074 2210 1250 2279 rhythmisch

75 2297 249 2351 quamquam
272 2279 323 2334 ille
350 2296 460 2348 paeane
493 2279 635 2334 dochmio-
688 2280 919 2334 werdenkdnne.
941 2285 1125 2335 1111111149.
1145 2286 1188 2335 10.

74 2368 139 2421 qne,
158 2367 277 2420 qnorum
295 2349 372 2418 prior
388 2350 417 2404 in
433 2353 576 2420 quattuor,
594 2368 634 2405 se-

75 2423 181 2477 cundus
205 2421 234 2474 in
259 2421 382 2490 quinque
410 2422 543 2489 excurrit,
571 2424 635 2476 uta·

73 2496 128 2549 tur.
172 2491 233 2546 Nec
257 2494 352 2546 tamen
379 2491 439 2561 ipse
466 2491 634 2558 dissimulat,

726 2357 767 2404 12.
786 2367 843 2405 mom
867 2352 1005 2420 quaesitas
1024 2352 1077 2406 etc.
1098 2357 1161 2418 1653
1193 2352 1252 2420 ipse

688 2437 745 2475 von
769 2422 857 2476 selbst
882 2422 917 2476 dc
943 2422 1120 2491 11111182
1149 2425 1252 2477 natura

690 2523 724 2530 —
739 2491 884 2545 incurrunt
901 2490 957 2560 ipsi
975 2492 1005 2546 in
1024 2491 1180 2547 orationem
1195 2509 1250 2548 ser·

75 2562 245 2634 quibusdam
275 2578 405 2617 numeros
436 2562 539 2630 videri,
579 2578 636 2616 non
666 2615 670 2626 ,

65 2634 174 2704 pedes,
201 2649 291 2701 neque
314 2632 469 2701 immerit03
498 2633 636 2702 quidquid

74 2705 152 2761 enim
170 2721 254 2774 supra
271 2706 328 2758 tres
347 2704 477 2773 syllabas,
495 2704 526 2758 id
544 2706 588 2758 est
602 2720 636 2758 ex

73 2775 203 2845 pluribus
221 2774 346 2842 pedibus.

112 2853 137 2901 6.
156 2846 290 2914 imaiqaem
313 2863 346 2898 zu
364 2844 518 2899 aufiallend
541 2844 576 2899 de
595 2861 635 2900 or.

74 2917 125 2986 III,
146 2922 196 2970 182
216 2919 281 2970 sunt
298 2915 421 2984 insignes
443 2915 635 2984 percussiones

75 3005 174 3042 eornm
192 3003 369 3041 numerorum
393 2986 452 3054 (des
470 2985 586 3042 Jambus
608 3004 635 3039 u.

76 3044 238 3127 Trechina).
579 3087 582 3091 -

113 3134 138 3183 t.
166 3128 422 3182 commutationibus
444 3133 511 3193 2093
544 3128 636 3196 depre-

74 3199 209 3255 hendetur
228 3197 309 3253 Catil.
328 3199 377 3266 III,
396 3199 635 3253 intimares..

74 3287 93 3325 a
111 3269 192 3324 vobis
209 3269 357 3323 manifesto
376 3268 595 3339 deprehenderet
629 3310 636 3322 .

74 3339 130 3395 Die
153 3339 337 3409 Anwendnng
361 3340 411 3394 der
437 3339 576 3394 industria
600 3357 637 3393 an

75 3411 138 3467 sich
156 3410 195 3464 ist
212 3427 283 3480 gana
302 3411 331 3465 in
350 3411 400 3464 der
408 3410 551 3480 Ordnung,
569 3410 637 3464 aber

74 3498 144 3537 man
162 3481 236 3536 daris
254 3480 334 3536 nicht
350 3481 474 3550 merken,
492 3482 545 3535 wic
565 3482 637 3535 oben

77 3557 131 3606 195
149 3555 183 3606 ut
199 3552 235 3606 ds
257 3550 396 3606 industria
419 3552 527 3606 factum
549 3569 637 3620 appa·

74 3621 212 3679 reat‘nnd
234 3622 327 3692 gleich
350 3623 473 3676 hernach
497 3622 555 3677 sine
578 3622 638 3676 ulla

76 3699 176 3763 operta
203 3693 321 3748 oratoris
346 3692 493 3747 industria.
543 3693 638 3746 Daher

75 3765 115 3820 ist
145 3763 202 3818 wol
228 3783 262 3818 zu
287 3764 364 3818 lesen
388 3764 419 3817 td
448 3764 521 3832 qaod
539 3766 571 3802 '—
592 3763 638 3830 fiet

75 3853 149 3906 ganz
177 3835 231 3889 wie
254 3835 285 3888 in
307 3835 357 3889 der
374 3834 579 3888 Parallelstslle
603 3833 637 3887 de

76 3924 117 3962 or.
144 3905 196 3973 III,
223 3911 274 3960 193
304 3906 404 3960 horum
432 3903 637 3959 vicissitudines

76 3976 210 4046 efficient,
228 3981 261 4030 ut
277 3993 369 4045 neque
388 3975 414 4030 ei
433 3975 571 4030 satientur
589 3975 637 4042 qni

77 4047 196 4102 audient
220 4047 335 4101 fastidio
363 4045 554 4101 similitudinis
586 4061 638 4100 neo

76 4135 129 4173 nos
147 4118 178 4172 id
198 4119 271 4187 quod
292 4119 424 4185 faciemus
442 4133 526 4186 opera
544 4117 638 4170 dedita

76 4191 168 4257 secere
184 4190 327 4243 videamur
345 4207 366 4243 s.
386 4187 412 4241 d.
430 4188 496 4242 11111.
515 4188 588 4241 Anh.

115 4265 141 4313 9.
160 4260 351 4328 compositione
370 4264 430 4313 149.
450 4264 511 4313 202.
543 4274 639 4328 qaaere

77 4331 132 4385 etc
153 4335 212 4385 181.
232 4335 293 4384 202.
315 4335 374 4384 164.

116 4405 160 4469 10,
183 4401 374 4471 conponam
397 4401 450 4456 etc.
472 4399 518 4454 die
536 4401 639 4454 Paren-

690 2577 858 2631 monemque
877 2565 1013 2616 nostrum.

725 2633 802 2702 apud
840 2631 984 2699 Crassum,
1020 2633 1251 2688 wahrscheinlich

690 2719 740 2758 aus
759 2703 848 2757 seinsr
866 2704 1032 2758 bertihmten
1050 2704 1091 2758 im
1103 2704 1189 2758 Jahre
1198 2711 1250 2759 106

689 2774 859 2843 gehaltenen
889 2774 980 2829 suasio
995 2774 1080 2845 legis
1107 2774 1251 2830 Serviliae.

690 2845 904 2911 (11111111.

727 2922 769 2968 13.
792 2931 858 2969 mem
880 2916 930 2969 abi
953 2917 1005 2970 etc.
1044 2915 1139 2981 Quint.
1157 2915 1205 2984 IX,
1225 2921 1250 2982 4,

691 2991 742 3039 109
768 3001 824 3038 non
849 2985 963 3054 quidem
988 2985 1094 3054 optime
1125 2990 1168 3040 est
1197 2985 1251 3039 sibi

689 3056 800 3110 iunctus
819 3057 994 3125 anapaestus,
1013 3055 1113 3124 utqui
1131 3056 1169 3109 sit
1182 3073 1251 3125 pen·

689 3126 804 3180 tametri
821 3127 892 3196 finis,
910 3127 957 3181 vel
975 3126 1123 3194 rhythmus
1138 3127 1188 3195 qui
1201 3142 1250 3180 no-

690 3215 755 3252 men
772 3198 808 3251 ab
828 3213 861 3252 eo
879 3197 978 3252 traxit:
1003 3214 1078 3266 ,nam
1096 3197 1145 3251 ubi
1162 3197 1251 3252 libido

690 3268 863 3336 dominatur,
889 3268 1066 3323 innocentiae
1088 3269 1150 3323 leve
1173 3284 1251 3337 prae·

691 3338 794 3393 sidium
813 3342 882 3403 est‘3
915 3355 980 3394 nam
1005 3339 1151 3409 synaliphc
1174 3339 1251 3407 facit,

690 3409 813 3464 uiduae
831 3409 949 3464 ultimas
974 3409 1100 3478 syllabae
1122 3425 1173 3478 pro
1197 3427 1252 3463 una

691 3482 797 3534 sonent.
852 3479 952 3534 Melior
987 3480 1036 3533 fiet
1067 3480 1251 3549 praecedente

691 3551 813 3620 spondeo
831 3552 878 3605 vel
896 3550 1029 3617 bacchio,
1056 3553 1089 3604 nt
1114 3551 1137 3605 si
1161 3554 1253 3609 mutes

690 3621 767 3676 idem
786 3621 856 3690 ‚leve
878 3620 1056 3675 innocentiae
1078 3620 1251 3689 praesidium

691 3693 752 3746 est.‘

729 3768 771 3816 15.
798 3763 890 3830 itaque
907 3761 945 3816 ist
963 3760 1177 3830 eingeschoben,
1203 3779 1252 3815 um
1298 3798 1301 3805 ·

691 3832 737 3887 die
763 3833 851 3887 durch
875 3831 920 3886 die
945 3832 1059 3901 langere
1081 3832 1253 3887 Parenthese

690 3903 911 3958 unterbrochene
929 3902 1006 3957 Reda
1029 3903 1136 3958 wieder
1155 3903 1252 3958 aulau-

691 3975 820 4042 nshmsn,
838 3973 895 4042 131.
914 3972 1044 4042 Madvigs
1063 3974 1112 4029 lat.
1126 3973 1252 4042 Sprachl.

729 4122 771 4170 16.
802 4120 864 4184 apte
891 4121 949 4168 149.
987 4115 1141 4169 ceciderant
1171 4114 1252 4168 hatte

691 4185 902 4256 rhythmischen
922 4185 1035 4240 Γ1111111
1054 4191 1112 4239 168.

729 4262 771 4310 rt.
785 4257 889 4322 formae
903 4257 1047 4324 orationis,
1066 4249 1194 4324 σχήματα
1208 4252 1253 4308 li·

692 4328 762 4393 ξεως
782 4333 841 4381 164.
862 4332 922 4381 181.
943 4332 1002 4380 135.

730 4404 771 4454 19.
788 4415 844 4467 par
856 4399 923 4467 puri
936 4397 989 4452 das
996 4391 1137 4465 adnisos,
1150 4400 1264 4448 11111111·
