2760 4740
80 157 143 220 118
479 154 629 210 ORATOR
646 162 690 211 aa.
711 162 859 211 rea-ree.

124 342 181 402 qua
204 323 381 403 tempestate
405 320 548 382 lielendm
570 321 654 383 Paris
1049 365 1054 377 .
1292 376 1294 381 ,

79 421 109 473 et
133 431 207 491 quae
231 418 407 490 sequuntur.
457 409 550 471 Immo
574 429 644 471 vero
667 412 724 471 ista
747 428 908 491 sequamur
930 411 1184 489 asperitatemque
1209 411 1253 471 lu·

79 503 206 580 giemus:
235 496 340 560 ‘habeo
364 500 451 559 istam
476 517 530 578 ego
553 495 814 579 perterricrepam'
843 502 988 576 itemque:
1022 493 1253 579 ‘versutiloquas

79 584 226 650 malitias?

134 673 141 696 '
167 677 228 737 Nec
257 677 353 737 solum
381 685 598 756 componentur
624 675 714 736 verba
741 678 870 755 ratione,
902 675 955 736 sed
983 677 1072 735 etiam
1100 676 1277 758 limentana

78 767 219 844 quoniam
241 766 271 825 id
294 766 438 827 iudicium
461 783 526 825 esse
551 765 677 826 alterum
700 767 817 826 auriam
841 763 977 824 diximus,
1024 763 1084 823 Sed
1108 765 1254 826 liniuntur

78 863 129 915 aut
152 856 365 934 compositione
389 856 453 933 ipsa
476 863 507 914 et
530 856 613 931 quasi
637 872 690 913 sua
713 862 819 933 sponte
843 859 894 913 aut
913 852 1040 931 quodam
1058 870 1170 931 genere
1190 872 1252 914 ver·

77 941 198 1023 horum,
225 945 256 1002 in
281 941 389 1020 quihus
412 944 484 1021 ipsis
509 944 693 1002 concinnitas
716 944 806 1021 inest3
837 959 912 1020 quae
942 943 1002 1001 sive
1032 959 1120 1001 casus
1143 941 1254 1002 hahent

77 1033 110 1090 in
133 1033 213 1091 exitu
238 1030 358 1111 similes,
390 1033 451 1090 sive
483 1029 606 1110 paribus
638 1032 720 1109 paria
753 1030 933 1109 redduntur,
965 1031 1027 1089 sive
1059 1038 1253 1108 opponuntur

79 1122 239 1200 contraria,
267 1127 372 1198 suapte
396 1128 501 1179 natura
524 1136 683 1179 numerosa
711 1126 793 1199 sunt,
821 1119 937 1178 etiamsi
965 1117 1039 1177 nihil
1066 1124 1112 1177 est
1139 1118 1288 1179 factumn

26 1219 77 1271 105
92 1207 128 1268 de
152 1208 306 1268 industria.
351 1207 386 1267 lu
408 1207 498 1268 huius
522 1208 730 1267 concinnitatis
753 1208 972 1266 consectatione
997 1205 1136 1284 Gorgiam
1159 1207 1252 1268 inisse

77 1299 244 1376 principem
267 1298 448 1375 accepimus3
474 1314 532 1375 quo
557 1295 593 1355 de
616 1313 725 1374 genere
749 1295 798 1354 illa
822 1303 923 1355 nostra
942 1301 1012 1354 sunt
1031 1296 1062 1354 in
1081 1293 1253 1357 Miloniana:

76 1393 133 1465 ,est
156 1387 244 1465 enim,
267 1384 390 1464 iudices,
413 1384 485 1444 haec
509 1402 569 1443 uon
593 1386 712 1463 scripta,
735 1383 788 1443 sed
812 1390 879 1443 nata
901 1383 958 1464 lex,
982 1399 1070 1460 quam
1095 1401 1156 1443 non
1180 1383 1252 1444 didi·

77 1475 182 1545 cimuS,
205 1474 382 1552 accepimus,
405 1472 540 1551 legimus,
562 1490 666 1532 verum
689 1490 725 1532 ex
749 1479 854 1532 natura
876 1473 941 1550 ipsa
963 1470 1159 1552 adripnimus,
1182 1471 1252 1532 hau-

78 1562 180 1641 simus,
203 1563 418 1640 expressimus3
451 1560 486 1620 ad
511 1578 600 1638 quam
623 1578 682 1620 non
707 1560 800 1640 docti,
832 1559 883 1620 sed
908 1559 991 1638 lacti,
1023 1577 1083 1619 non
1111 1561 1289 1641 institutio

77 1644 404 1710 5111111111111111111111.ζ
455 1646 534 1709 llaec
559 1651 638 1708 enim
661 1648 729 1709 talia
754 1657 833 1729 sunt,
856 1657 898 1728 ut,
927 1649 995 1725 quia
1019 1648 1194 1708 referuntur
1218 1649 1253 1709 ad

79 1756 125 1819 ea,
154 1737 190 1797 ad
214 1756 289 1817 quae
313 1737 423 1798 dehent
450 1738 570 1818 reierri,
597 1737 803 1816 intellegamus
833 1754 893 1795 non
917 1737 1085 1813 quaesitum
1108 1754 1175 1796 esse
1199 1755 1252 1798 nu·

77 1844 208 1907 merum,
244 1825 295 1886 sed
329 1834 475 1887 secutum.
535 1825 620 1896 Quod
653 1826 686 1885 lit
718 1827 790 1886 item
822 1827 853 1885 in
885 1824 1051 1884 referendis
1085 1827 1253 1905 contrariis,

26 1934 77 1983 1co
92 1923 126 1974 ut
148 1915 197 1975 illa
220 1922 299 1995 suat,
323 1914 432 1993 quihus
455 1933 515 1975 nou
538 1914 626 1973 modo
650 1931 809 1974 numerosa
833 1915 936 1993 oratio,
960 1912 1124 1973 sedetiam
1148 1932 1252 1974 versus

79 2004 222 2064 efficitur:
1264 2025 1289 2064 so

78 2157 162 2211 scheu
198 2156 345 2211 Ausdruclr
380 2158 543 2225 verachten,
579 2156 636 2209 und
728 2162 751 2211 1,
772 2159 822 2208 eat
841 2155 893 2208 etc.
925 2154 1009 2208 Diese
1028 2154 1188 2209 natirrliche
1202 2154 1252 2209 Pe

78 2230 147 2281 statt
169 2228 259 2282 dieses
285 2227 345 2282 sich
372 2229 461 2295 harte,
486 2226 637 2281 unleteini-
690 2224 908 2295 riodenhildung
922 2225 1253 2294 (nochabgesehenvom

70 2299 143 2352 eche
161 2298 446 2368 Lentverhindungen
465 2297 605 2352 erlauhen.
691 2295 1102 2366 cigentlich·kunstmassigen
1144 2296 1252 2366 Rhyth·

114 2375 138 2422 2.
157 2371 213 2422 ista
236 2369 282 2422 die
305 2370 392 2438 guten
411 2367 637 2422 altlateinischen
690 2369 762 2436 mue)
786 2367 896 2421 kommt
918 2386 952 2421 zu
976 2366 1081 2421 Staude
1112 2366 1253 2422 entweder

77 2439 242 2494 Ausdrficlre
274 2440 308 2493 de
334 2456 373 2494 or.
397 2439 445 2507 Ill,
471 2445 520 2493 153
547 2454 637 2507 neque
691 2438 779 2492 durch
797 2438 842 2492 die
861 2438 954 2492 blosse
972 2438 1111 2507 (ipsetet)
1131 2438 1252 2493 antithe-

76 2510 149 2564 illnd
175 2509 297 2581 fugerim
325 2511 425 2578 dicere,
452 2511 486 2564 ut
514 2509 636 2564 Caelius:
690 2510 780 2563 tische
811 2508 1167 2579 Gegeneinanderstellung
1204 2508 1254 2564 der

78 2597 134 2649 qua
156 2583 326 2650 tempestate
344 2582 453 2636 Poenus
474 2581 505 2634 in
523 2581 636 2636 Italiam
691 2580 804 2635 Glieder
823 2580 890 2635 oder
904 2579 991 2633 durch
1003 2579 1190 2651 Auwsndung
1203 2597 1253 2634 ne-

77 2652 166 2719 venit;
186 2655 411 2722 asperitatemque
425 2652 637 2720 ‚daheijedooh‘
690 2649 1045 2718 tdrlich·symmetrisoher
1063 2649 1178 2704 Wdrter
1201 2654 1251 2705 181

78 2723 172 2777 solche
197 2722 491 2792 Wortverbindungen
517 2722 636 2790 melden,
691 2721 737 2775 vel
761 2719 963 2789 compositione
986 2720 1108 2789 quadam
1135 2721 1183 2776 rel
1204 2737 1253 2792 ge-

78 2794 123 2847 die
141 2793 332 2862 nnertrhglich
350 2793 415 2847 hert
433 2792 502 2846 sind.

113 2869 138 2918 3.
155 2865 383 2932 perterricrepam
401 2864 511 2917 Lucret.
527 2863 575 2929 VI,
586 2868 636 2916 129

76 2935 279 3005 perterricrepo
303 2935 405 3002 souitu,
433 2953 454 2989 s.
474 2933 531 2988 ind.
549 2934 637 2988 Pacu-

76 3006 147 3061 vius.
727 3011 752 3059 8.
780 3007 812 3058 ta
830 3005 929 3073 quibas
946 3004 1030 3072 ipsis:
1061 3002 1107 3057 die
1132 3004 1193 3059 also
1217 3020 1254 3058 an

114 3082 351 3146 usurparentur
374 3077 485 3131 beaieht
507 3076 567 3130 sich
591 3077 642 3129 auf
692 3075 752 3129 sich
789 3074 948 3129 entweder-
967 3068 1148 3144 ὁμοιόπτωτα
1186 3075 1254 3130 oder

77 3147 131 3201 deu
149 3148 316 3217 Wolklaug,
342 3149 391 3201 der
413 3147 502 3201 durch
525 3147 570 3200 die
589 3164 638 3200 un·
690 3141 798 3216 πάρισα
817 3145 884 3200 oder
903 3141 1041 3199 ammeta
1060 3144 1128 3199 siud'
1142 3150 1185 3201 98.

76 3217 238 3272 mittelbere
285 3216 638 3286 Nebeueinanderstelluug
729 3223 770 3272 11.
811 3217 894 3270 haias
940 3216 1030 3270 dieser
1077 3215 1256 3271 netdrlichen

78 3289 145 3343 herr.
169 3289 452 3357 Zusammensetzung
474 3287 638 3342 wollauten
693 3286 860 3356 symmetria
888 3287 976 3340 durch
1002 3285 1171 3342 Antithesen
1195 3287 1254 3341 und

691 2808 757 2845 nere
775 2791 924 2846 verborum
943 2797 1009 2856 2193
1041 2793 1105 2859 ipsa
1123 2791 1182 2846 und
1199 2809 1252 2847 sua

691 2868 793 3003 pppptfe)
818 2868 883 2930 1153
920 2863 979 2917 also
1017 2862 1076 2917 sine
1112 2861 1253 2918 industria

79 3359 234 3414 derWorte
242 3359 362 3414 bewhkt
375 3358 445 3412 wird
456 3365 506 3412 149
520 3360 552 3412 ut
564 3357 638 3413 inter

77 3446 106 3483 se
135 3447 220 3498 quam
243 3429 388 3500 aptissime
412 3431 580 3485 cohaereant
604 3460 638 3470 -

77 3518 166 3569 eaque
185 3500 242 3554 sint
260 3500 431 3555 suavissimis
442 3500 573 3566 vocibus;
591 3517 638 3554 ra-

79 3574 152 3626 tione
174 3571 228 3626 mit
246 3570 385 3626 Verstand
411 3572 437 3626 d.
456 3573 483 3625 h.
512 3571 567 3625 den
586 3569 638 3625 Ge·

80 3645 173 3698 setaen
201 3643 250 3698 des
268 3642 409 3698 Wollauts
436 3641 639 3711 eutsprechend

80 3714 115 3767 de
134 3731 173 3768 or.
192 3714 300 3780 ulmea
319 3714 412 3768 aliena
431 3714 521 3768 multo
540 3713 639 3783 magis,

79 3785 103 3839 si
122 3787 187 3838 sunt
197 3785 306 3840 ratione
319 3785 464 3853 translata,
484 3785 638 3851 delectant;

78 3856 212 3921 finientur
229 3855 343 3910 hezieht
360 3855 420 3909 sich
438 3855 486 3910 aui
499 3856 554 3910 den
561 3855 639 3910 Wol-

78 3926 176 3995 kleug,
208 3926 258 3980 der
289 3926 377 3980 durch
404 3926 458 3982 den
483 3925 640 3994 symmetri-

80 3998 166 4052 schen
187 3996 375 4051 Abschluss
402 3997 451 4052 der
475 3997 555 4051 saue
581 3999 641 4064 (na-

78 4069 200 4123 tdrliche
218 4067 339 4136 Fiiguug
357 4067 407 4122 der
424 4068 522 4122 Worte
541 4086 574 4121 eu
588 4068 640 4121 Pe·

78 4139 187 4209 rioden)
207 4137 327 4193 errelcht
344 4137 415 4192 wird
430 4144 481 4192 149
500 4141 532 4192 ut
549 4139 640 4192 forma

79 4211 142 4280 ipsa
161 4208 390 4278 concinnitasque
409 4210 557 4264 verborum
576 4225 639 4264 con·

75 4281 153 4335 ficiat
170 4282 267 4336 orbem
290 4299 379 4336 suum.
417 4286 468 4335 170
497 4281 546 4349 qui
572 4284 640 4351 apta

77 4355 108 4406 et
125 4352 207 4406 finita
224 4352 418 4422 pronuntiant.

103 4428 128 4475 6.
149 4422 277 4478 atesinus
294 4428 311 4489 §
329 4429 390 4480 149.

692 3358 781 3427 dergl.

730 3435 772 3482 12.
793 3430 957 3483 Miloniana
975 3445 997 3483 c.
1017 3433 1043 3498 4,
1064 3435 1106 3482 10.

731 3507 772 3555 16.
791 3501 952 3566 reserantur
973 3499 1038 3554 weil
1061 3499 1107 3554 die
1125 3499 1188 3553 hier
1206 3516 1254 3569 ge·

692 3571 848 3626 hrauchten
872 3570 1045 3641 Gegenstttee
1072 3570 1103 3624 in
1129 3573 1255 3625 notwen·

694 3643 774 3712 diger
785 3641 947 3711 Beziehuug
960 3660 994 3695 au
1003 3641 1137 3695 einander
1146 3642 1254 3696 stehen.

730 3718 772 3768 18.
791 3719 912 3768 secutam
929 3729 985 3767 von
1005 3712 1092 3766 selbot
1110 3711 1254 3783 singelen-

693 3784 748 3838 den
766 3791 827 3841 219.
852 3783 886 3838 de
910 3799 948 3838 or.
968 3784 1015 3850 lll,
1036 3788 1098 3848 1943
1132 3785 1165 3837 r'ee
1186 3785 1255 3850 refe·

693 3855 787 3910 randis
814 3855 962 3910 contrariis
988 3870 1044 3908 von
1061 3853 1254 3922 Ausdrdclren‚

694 3926 740 3981 die
757 3926 834 3981 ihrer
846 3925 1013 3994 Bedeutung
1030 3925 1104 3978 nach
1122 3924 1254 3980 directe

695 3997 869 4066 Gegenshtae
894 3995 1003 4063 bilden,
1030 3995 1256 4065 gegeusiuender

694 4068 764 4122 dher
781 4066 896 4137 gestellt
913 4066 971 4119 und
990 4066 1040 4120 auf
1055 4066 1190 4128 einander
1207 4067 1255 4122 be·

694 4153 783 4206 rogen
801 4136 914 4192 werden
932 4137 1021 4193 sollen
1039 4137 1075 4191 de
1094 4153 1133 4191 or.
1152 4138 1189 4203 ΙΙ,
1202 4143 1254 4192 263

694 4209 796 4263 ornent
826 4207 955 4277 inprimis
986 4207 1142 4263 orationem
1172 4209 1256 4264 eaba

693 4279 783 4333 relata
800 4281 951 4346 contrarie,
974 4279 1049 4348 quod
1072 4279 1147 4334 idem
1165 4296 1255 4350 genus

693 4365 777 4418 saepe
796 4351 840 4405 est
857 4350 944 4406 etiam
961 4350 1092 4406 facetum.
