2760 4740
71 118 113 182 88
473 121 621 178 ORATOR
639 129 682 178 33.
702 129 851 180 116-118.

72 296 155 347 reete
186 285 293 346 disseri
321 305 376 346 nee
404 305 544 365 umquam
571 288 606 348 ad
635 291 747 349 exitum
779 292 931 368 perveniri
956 300 1056 369 potest
1085 325 1124 335 —
1155 294 1248 373 expli-

75 373 169 434 canda
192 384 238 435 est
261 393 348 454 saepe
371 375 470 435 verbis
493 394 577 436 mens
601 384 702 437 nostra
725 377 762 437 de
786 395 903 456 quaque
926 396 960 439 re
984 388 1072 458 atque
1096 381 1249 443 involutae

72 465 118 524 rei
142 465 246 523 notitia
269 463 437 524 deliniendo
461 463 619 543 aperienda
642 472 697 545 est,
725 467 749 524 si
773 466 894 543 quidem
917 474 963 527 est
986 468 1118 528 delinitio
1142 472 1249 552 oratio,

76 569 152 630 quae
176 552 248 629 quid
271 554 310 612 sit
332 551 371 632 id,
394 551 430 611 de
455 570 514 630 quo
537 554 643 634 agitur,
666 553 796 613 ostendit
819 563 907 632 qnam
930 555 1113 616 brevissime.
1160 557 1249 639 Tum,

71 647 106 700 ut
130 642 198 720 seis,
222 639 367 719 explicato
390 657 499 718 genere
524 643 668 719 cuiusque
687 643 733 701 rei
751 641 911 703 videndum
930 651 983 723 est,
1007 661 1082 722 quae
1101 647 1162 706 sint
1180 648 1279 707 eiust

72 730 191 806 generis
214 731 275 788 sive
299 727 410 788 formae
435 730 496 788 sive
519 735 633 810 partes,
661 731 749 789 utin
771 748 821 790 eas
844 729 998 813 tribuatur,
1021 734 1117 792 omnis
1142 737 1248 795 oratio.

14 830 66 880 111
92 814 158 876 Erit
180 818 271 894 igitur
299 815 372 876 haec
395 815 519 877 facultas
541 819 573 875 in
597 834 646 897 eo,
673 835 763 895 quem
791 817 926 880 volumus
954 837 1020 880 esse
1049 819 1250 903 eloquentem,

74 913 107 967 ut
132 900 255 964 definire
279 922 344 964 rem
366 906 462 982 possit
484 922 581 982 neque
601 906 631 965 id
650 905 737 966 laeiat
755 914 815 966 tam
833 925 938 985 presse
957 917 987 967 et
1006 916 1140 989 anguste,
1160 928 1250 988 quam

77 995 108 1054 in
131 993 189 1052 illis
212 992 421 1052 eruditissimis
445 991 694 1071 disputationibus
713 994 778 1053 lieri
797 994 881 1076 solet,
905 996 957 1055 sed
976 1013 1045 1056 eum
1064 997 1250 1075 explanatius

73 1091 139 1143 tum
162 1084 251 1141 etiam
274 1080 397 1141 uberius
416 1088 446 1141 et
470 1080 506 1139 ad
530 1098 687 1149 commune
710 1082 853 1142 iudicium
874 1083 1108 1162 popularemque
1132 1086 1248 1147 intelle·
1264 1098 1292 1140 16

74 1171 206 1250 gentiam
230 1169 488 1231 accommodatius.
514 1168 655 1247 Idemque
679 1172 777 1251 etiam,
800 1189 869 1230 oum
891 1189 940 1231 res
959 1171 1130 1252 postulabit,
1153 1186 1249 1252 genus

73 1260 249 1322 universum
272 1260 303 1317 in
327 1259 442 1336 speeies
462 1264 567 1338 certas,
590 1265 624 1318 ut
647 1257 726 1318 nulla
750 1276 847 1336 neque
870 1262 1125 1338 praetermittatur
1149 1280 1250 1340 neque

75 1345 236 1425 redundet,
265 1348 411 1424 partietur
439 1363 473 1404 ae
501 1345 618 1405 dividet.
674 1345 797 1416 Quando
826 1353 925 1407 antem
957 1356 1009 1408 aut
1036 1348 1184 1427 quomodo
1219 1350 1250 1409 id

71 1438 170 1516 faeiat,
194 1434 267 1494 nihil
290 1433 326 1493 ad
349 1433 406 1493 hoo
429 1441 557 1513 tempus,
581 1436 729 1516 quoniam,
757 1442 791 1495 ut
814 1453 904 1514 supra
927 1435 1000 1516 dixi,
1028 1436 1158 1497 iudicem
1182 1457 1249 1499 esse

73 1543 130 1608 me,
155 1540 215 1582 non
239 1521 392 1582 doctorem
414 1520 488 1580 volo.
1264 1537 1293 1580 16

21 1626 72 1678 118
165 1611 227 1671 Nee
249 1629 320 1670 vero
345 1608 505 1669 dialecticis
532 1608 621 1668 modo
651 1612 690 1670 sit
717 1613 896 1694 instructus,
929 1611 981 1671 sed
1008 1611 1115 1674 habeat
1145 1633 1250 1676 omnes

73 1699 278 1782 philosophiae
309 1705 396 1758 notos
427 1716 460 1757 ao
490 1704 631 1758 tractatos
660 1697 751 1759 locos.
807 1699 887 1759 Nihil
917 1703 996 1760 enim
1029 1701 1064 1761 de
1095 1702 1250 1784 religione,

74 1789 150 1850 nihil
175 1788 211 1847 de
235 1795 345 1867 morte,
377 1784 450 1845 nihil
478 1785 513 1845 de
539 1788 668 1866 pietate,
700 1786 774 1847 nihil
802 1787 838 1847 de
866 1790 989 1848 caritate
1016 1792 1142 1871 patriae,
1175 1791 1250 1852 nihil

74 1878 111 1938 de
137 1876 224 1936 bonis
248 1874 338 1935 rebus
362 1881 413 1934 aut
435 1873 533 1954 malis,
561 1872 634 1933 nihil
662 1874 699 1934 de
725 1875 885 1936 virtutihus
913 1883 963 1937 aut
990 1879 1082 1958 vitiis,
1110 1879 1184 1939 nihil
1213 1878 1249 1940 de

71 1965 181 2046 oltieio,
204 1963 278 2029 nihil
302 1962 337 2022 de
363 1961 473 2043 dolore,
497 1961 570 2022 nihil
589 1963 624 2023 de
644 1962 802 2044 voluptate,
825 1963 898 2025 nihil
917 1964 954 2024 de
972 1965 1250 2043 perturbationibus
1264 1981 1293 2022 so

108 2180 131 2227 1.
153 2172 190 2226 ad
208 2169 312 2223 emitum
324 2168 377 2221 ete.
397 2165 442 2220 die
454 2165 635 2236 Disputation
688 2166 788 2225 danda.
813 2169 893 2223 Tuse.
912 2169 947 2235 Π,
967 2175 983 2223 3
1002 2169 1156 2240 orationes,
1179 2189 1251 2240 quas

71 2242 164 2298 hleiht
181 2237 350 2294 resultatlos.
521 2261 522 2264 ¹
688 2255 740 2293 nos
771 2238 959 2295 multitudinis
995 2239 1099 2295 iudicio
1134 2242 1250 2310 probari

107 2320 132 2370 2.
152 2311 292 2367 involutae
300 2313 360 2362 102.
374 2307 456 2364 Tuee.
464 2306 512 2377 IV,
521 2311 634 2376 ttqnae
688 2308 852 2364 volebamus
871 2309 1025 2379 (populeris
1044 2312 1088 2365 est
1106 2311 1181 2366 enim
1198 2312 1251 2367 ille

72 2386 191 2441 istarum
206 2378 399 2435 definitionum
412 2394 469 2432 non
483 2377 575 2447 aperit
586 2393 635 2431 rto-
688 2379 809 2434 faoultas
828 2381 857 2434 et
877 2378 991 2434 effeetus
1010 2381 1189 2450 eloquentiae
1208 2383 1251 2438 est

71 2457 171 2510 tionem
201 2451 339 2518 nostram,
376 2463 461 2518 quem
498 2449 634 2503 hahemus
689 2449 863 2505 audientium
880 2451 1069 2520 approbatio);
1086 2454 1250 2522 popularem

73 2542 169 2581 omnes
187 2523 222 2578 de
240 2519 406 2576 fortitudine
425 2521 529 2574 tectam
548 2520 634 2588 atque
687 2522 899 2591 intellegentiam
916 2521 951 2575 de
971 2538 1009 2576 or.
1027 2522 1124 2590 liaeo
1143 2524 1250 2578 nonde

70 2596 245 2652 involutam?
687 2592 842 2662 praestanti
860 2592 983 2661 quedam
1006 2593 1035 2647 et
1057 2593 1172 2663 eximia,
1200 2595 1251 2649 sed
1283 2595 1284 2598 ’

109 2674 132 2722 3.
166 2666 268 2721 notitia
296 2660 417 2733 ,Regriffi
444 2660 634 2728 Vorstellung‘
686 2678 774 2732 prope
793 2663 827 2716 de
845 2662 957 2731 vulgari
979 2664 1008 2718 et
1026 2664 1167 2718 communi
1184 2682 1250 2734 pru-

72 2739 144 2795 statt
162 2738 211 2791 des
230 2733 443 2804 gewbhnliohen
460 2731 544 2797 notio,
567 2730 634 2785 aber
688 2732 784 2787 <lentie
802 2731 922 2800 disputo.

76 2809 132 2864 Cio.
159 2804 306 2862 schwankt
333 2803 421 2858 selbot
446 2800 477 2854 in
504 2801 553 2854 der
576 2800 634 2853 An-
717 2808 767 2869 ¹13.
786 2804 920 2858 redundet
938 2822 981 2871 ,zu
998 2804 1056 2859 viel
1073 2804 1127 2861 ist‘.

75 2878 216 2946 wendung
239 2873 334 2930 beider
352 2873 478 2939 Wdrter,
502 2889 523 2925 s.
547 2870 632 2924 Aoad.
725 2879 771 2945 14.
785 2873 857 2928 nihil
875 2875 980 2929 adhoc
997 2875 1251 2945 tempuedeor.II,

72 2945 162 3020 11‚'eo
180 2945 299 3001 notitiae
317 2961 423 3011 rerum,
446 2957 515 3010 quas
535 2939 635 2996 Graeci
688 2949 704 2998 6
732 2960 851 3013 qnorum
879 2944 1026 3000 eonsilium
1053 2946 1137 3015 quale
1164 2945 1251 3002 fuerit

73 3024 135 3078 tuin
150 3014 262 3079 ἐννοίας
279 3017 341 3070 tum
355 3007 510 3084 προλήψεις
523 3012 633 3067 vocant.
687 3014 759 3069 nihil
785 3030 852 3070 sane
871 3016 918 3069 ad
947 3015 1001 3071 hoe
1025 3018 1149 3086 tempue3
1176 3017 1251 3072 illud

75 3094 144 3160 Top.
169 3095 202 3145 32
221 3087 366 3143 notionem
391 3084 516 3154 appello,
549 3098 634 3152 quam
688 3087 784 3140 autem
803 3087 846 3140 est
863 3085 946 3140 huius
959 3085 1106 3142 institutae
1121 3087 1249 3158 scriptio·

73 3161 175 3216 Graeci
192 3162 254 3213 tum
273 3155 386 3211 ἔννοιαν
404 3157 466 3209 tum
479 3148 633 3223 rodingum
688 3156 732 3211 nis
750 3171 784 3210 ae
801 3155 935 3226 temporis
954 3159 1008 3215 ete.
1025 3158 1073 3225 HI,
1084 3165 1118 3212 66
1130 3174 1202 3234 ,vere
1213 3176 1250 3213 an

73 3231 198 3301 definitio
217 3230 252 3282 de
271 3243 309 3281 or.
328 3228 349 3295 I,
369 3230 420 3279 189
445 3224 488 3278 est
510 3222 634 3304 definitio
690 3243 768 3282 seons
787 3226 860 3280 nihil
878 3227 913 3281 ad
936 3228 991 3282 hoo
1013 3230 1138 3297 tempus3
1161 3245 1250 3298 supra

76 3319 171 3359 rerum
190 3315 298 3365 earum,
328 3312 399 3366 quae
425 3295 491 3348 sunt
513 3293 572 3349 eius
593 3309 635 3347 re1
689 3303 773 3364 §112
797 3296 869 3352 Einl.
889 3302 904 3363 6
923 3304 952 3364 4;
980 3300 1098 3368 iudicem
1116 3298 1250 3369 Kritiker,

92 3371 216 3443 repeisse,
244 3385 330 3438 quam
357 3365 471 3422 definire
499 3365 635 3430 volumus,
688 3368 869 3423 Aesthetiher
885 3368 958 3424 Einl.
976 3373 991 3435 5
1010 3375 1035 3424 4.

72 3393 169 3500 brevis
201 3443 231 3496 et
262 3436 471 3505 circumscripta
498 3435 636 3504 quaedam
726 3446 768 3494 16.
787 3445 928 3508 orruerit,
947 3441 1020 3494 aueh
1038 3439 1084 3494 die
1103 3439 1251 3495 ethisohen

75 3512 234 3585 explicatio.
690 3509 748 3563 und
766 3509 935 3577 physisohen
955 3511 1232 3581 (metaphysieehen).

111 3590 136 3640 6.
146 3599 240 3668 geoere
250 3582 299 3636 der
308 3576 475 3649 engemeine
483 3575 636 3645 6616111186-
698 3603 699 3606 ¹
726 3586 768 3635 11.
800 3584 879 3634 ootoe
903 3580 1087 3650 theoretiseh,
1119 3586 1252 3636 tractatos

75 3654 184 3729 begnff.
690 3649 850 3721 praktisoh,
875 3650 962 3705 dureh
981 3651 1112 3723 Uebung,
1137 3669 1168 3707 so
1187 3653 1251 3706 dass

113 3735 137 3784 6.
156 3727 263 3795 formae
281 3721 406 3791 Speciem
420 3724 517 3788 partes
537 3724 582 3786 163
602 3717 636 3771 de
691 3738 721 3776 er
738 3720 814 3777 ihrer
831 3722 1004 3792 vollstbndig
1021 3723 1098 3777 Herr‘
1110 3723 1162 3788 ist;
1181 3725 1251 3777 locos

73 3816 113 3855 or.
132 3798 156 3866 I,
178 3802 229 3851 189
252 3795 347 3864 partes
366 3794 439 3859 sunt,
463 3805 535 3860 quae
554 3804 636 3871 gene·
690 3788 794 3854 τόπους
813 3792 858 3847 die
876 3792 999 3862 Kapitel,
1019 3793 1063 3847 die
1082 3793 1251 3848 Abschnitte

72 3870 150 3928 ribus
169 3867 218 3935 eis,
237 3863 388 3933 exquibus
406 3863 531 3929 manant,
551 3860 636 3914 auhu-
691 3862 746 3931 (die
765 3863 886 3932 Punkte)
906 3863 941 3918 de
959 3879 997 3919 or.
1017 3864 1039 3933 I,
1052 3868 1085 3919 60
1105 3880 1191 3933 quare
1204 3864 1253 3918 hie

76 3939 190 3995 einntnr
209 3934 305 4004 (Ober-
328 3932 388 3987 und
409 3929 637 3987 Unterahteilun-
689 3934 768 3989 loeus
787 3934 822 3989 de
840 3933 901 3989 vita
920 3936 949 3988 et
970 3934 1095 3989 moribus
1113 3936 1191 3990 totus
1210 3936 1253 3989 est

75 4012 149 4082 gen).
586 4070 592 4082 Ι
691 4005 796 4060 oratori
813 4003 1019 4073 perdiscendas.

110 4088 134 4137 9.
157 4080 189 4135 in
207 4076 265 4130 illia
287 4074 342 4129 den
365 4073 527 4127 erwhhnten
544 4070 636 4141 ph1lo·
727 4081 769 4130 66.
784 4076 818 4131 de
855 4076 1089 4132 erturbatiombus
1103 4077 1192 4132 animi
1205 4075 1252 4130 die

32 4181 35 4187 ·
73 4149 241 4224 sophisehen
260 4143 429 4215 (etoisohen).
690 4145 808 4212 Affeete,
850 4161 907 4200 neo.
926 4145 975 4213 IV,
995 4152 1028 4202 16
1056 4163 1128 4217 quae
1152 4145 1252 4202 Graeci

60 4216 68 4238 “
112 4229 152 4278 16.
185 4220 222 4277 ad
250 4230 387 4273 commeare
410 4215 462 4268 eto.
490 4213 525 4267 de
544 4229 583 4269 or.
601 4208 636 4281 ΙΙ,
690 4212 774 4284 πάθη
793 4217 903 4286 vocant,
927 4217 1007 4273 nobis
1025 4217 1252 4287 perturbationes

78 4300 130 4349 169
149 4294 221 4348 haee
238 4289 336 4345 nostra
350 4286 398 4354 (se.
409 4283 536 4354 oratoris)
547 4282 637 4338 oratio
695 4286 832 4357 appellari
849 4287 952 4356 placet.

79 4360 267 4420 multitudinis
291 4359 334 4414 est
351 4355 464 4412 auribus
482 4369 639 4411 accommo-
