2760 4740
131 156 197 220 130
533 153 682 209 ORATOR
701 160 743 210 aa.
764 159 913 209 aer-rso.

79 334 131 384 187
227 320 339 392 Quodsi
363 328 394 380 et
416 328 540 398 angusta
564 320 707 398 quaedam
731 327 818 398 atque
843 322 961 380 concisa
990 329 1020 380 et
1043 320 1098 380 alia
1121 327 1167 380 est
1190 319 1312 380 dilatata

134 419 164 470 et
195 410 300 470 difl'usa
327 411 435 489 oratio,
467 426 590 469 necesse
619 416 665 468 est
691 409 721 469 id
749 425 808 467 non
835 407 1004 469 litterarum
1031 408 1165 468 accidere
1194 415 1312 487 natura,

136 497 190 558 sed
212 497 434 558 intervallorum
458 497 615 576 longorum
639 499 672 556 et
690 495 826 556 brevium
850 498 1005 576 varietate3
1029 496 1137 574 quibus
1160 495 1311 574 implicata

135 594 225 664 atque
248 587 395 664 permixta
417 587 513 645 oratio
537 585 676 663 qnoniam
699 591 763 644 tum
787 583 900 645 stabilis
924 592 970 644 est
994 592 1057 644 tum
1080 583 1231 664 volubilis,
1258 603 1310 644 ne·

136 691 220 734 cesse
245 681 291 733 est
314 673 460 733 eiusmodi
483 681 617 733 naturam
642 674 775 733 numeris
798 675 954 735 contineri.
999 671 1074 732 Nam
1093 675 1238 733 circuitus
1252 671 1343 751 ille‚⁵

136 779 226 840 quem
250 779 338 840 saepe
360 763 419 821 iam
443 761 579 841 diximus,
607 762 757 820 incitatior
780 778 906 822 numero
929 763 994 840 ipso
1018 761 1115 821 lertur
1139 768 1169 821 et
1192 760 1311 839 labitur,

137 849 234 927 quoad
257 851 410 928 perveniat
434 849 470 909 ad
493 850 583 909 tinem
607 856 636 908 et
659 850 791 911 insistat.

226 937 421 1017 Perspicuum
447 945 492 997 est
514 939 605 1015 igitur
633 939 766 997 numeris
794 939 945 997 astrictam
973 940 1137 998 orationem
1166 955 1231 996 esse
1260 936 1310 996 de-

81 1040 133 1089 188
149 1024 232 1106 bere,
255 1043 357 1085 carere
382 1025 526 1086 versibus.
577 1024 636 1085 Sed
664 1027 692 1084 ei
720 1028 837 1085 numeri
864 1027 1012 1104 poeticine
1040 1028 1100 1085 sint
1128 1044 1165 1085 an
1193 1044 1229 1085 ex
1253 1024 1312 1084 alio

136 1132 246 1192 genere
270 1113 397 1192 quodam
421 1113 561 1192 deinceps
589 1121 636 1173 est
662 1112 830 1173 videndum.
880 1113 986 1174 Nullus
1014 1121 1060 1173 est
1087 1117 1179 1192 igitur
1207 1125 1356 1174 nume-1⁰

135 1220 188 1263 rus
221 1209 304 1262 extra
336 1203 479 1282 poeticos,
511 1209 669 1281 propterea
701 1201 780 1279 quod
814 1201 934 1262 delinita
966 1210 1037 1261 sunt
1064 1220 1173 1280 genera
1206 1219 1311 1262 nume-

135 1308 248 1350 rorum.
302 1289 376 1350 Nam
400 1293 496 1350 omnis
519 1289 585 1349 talis
609 1297 667 1369 est,
699 1297 733 1349 ut
760 1308 838 1351 unus
862 1292 900 1350 sit
929 1308 945 1349 e
972 1288 1077 1351 tribus
1132 1290 1190 1350 Pes
1222 1293 1312 1370 enim,

136 1381 188 1457 qui
212 1376 369 1439 adhibetur
392 1377 427 1437 ad
457 1396 611 1457 numeros,
640 1379 770 1456 partitur
799 1381 830 1438 in
859 1380 925 1458 tria,
958 1387 992 1438 ut
1021 1396 1144 1438 necesse
1175 1381 1213 1438 sit
1243 1396 1310 1457 par·

136 1475 197 1526 tem
226 1466 311 1545 pedis
344 1474 395 1526 aut
427 1465 580 1544 aequalem
611 1483 677 1525 esse
709 1464 794 1538 alteri
825 1469 903 1545 parti
936 1474 987 1526 aut
1018 1460 1111 1527 altero
1145 1473 1226 1526 tanto
1260 1474 1312 1526 aut

137 1556 240 1632 sesqui
263 1573 329 1614 esse
358 1556 508 1638 maiorem.
562 1552 606 1613 lta
638 1554 671 1613 fit
703 1552 833 1632 aequalis
865 1554 1011 1635 dactylus,
1044 1555 1153 1633 duplex
1184 1553 1311 1633 iambus
1327 1565 1355 1606 1⁵

137 1641 308 1721 sesquiplex
340 1636 446 1722 pae‘an3
480 1644 531 1720 qui
560 1641 651 1720 pedes
683 1643 714 1700 in
747 1645 911 1702 orationem
939 1661 999 1701 non
1029 1644 1135 1702 cadere
1163 1645 1215 1720 qui
1242 1660 1311 1722 pos·

137 1726 231 1791 sunt?
268 1730 376 1812 quibus
410 1730 514 1790 ordine
546 1730 650 1790 locatis
683 1731 762 1808 qnod
794 1730 923 1792 efficitur
961 1748 1154 1791 numerosum
1187 1733 1226 1790 sit
1259 1750 1310 1790 ne-

137 1837 222 1878 cesse
246 1826 299 1879 est.

82 1920 139 1974 189
228 1906 286 1967 Sed
311 1909 479 1987 quaeritur,
508 1925 567 1985 quo
591 1924 716 1966 numero
740 1915 790 1966 aut
814 1906 922 1985 quibus
949 1908 1139 1986 potissimum
1162 1908 1200 1967 sit
1223 1913 1310 1967 nten-

136 1995 216 2056 dum.
271 1995 405 2056 Incidere
438 2013 508 2055 vero
537 2013 640 2055 omnes
667 1996 699 2054 in
728 1996 892 2055 orationem
920 1997 1008 2055 etiam
1032 2013 1068 2055 ex
1091 1994 1147 2054 hoo
1177 1994 1311 2073 intellegi
1326 2008 1355 2047 20

59 2110 62 2114 ⁴
135 2091 249 2164 potest,
277 2083 355 2162 qirod
380 2102 484 2144 versus
508 2101 595 2162 saepe
624 2085 655 2143 in
682 2085 816 2143 oratione
844 2101 899 2163 per
926 2083 1156 2162 imprudentiam
1183 2083 1311 2143 dicimus

135 2287 172 2325 on
206 2271 350 2325 einzelnen
382 2271 488 2326 Stellen
519 2270 604 2325 Lioht
638 2269 696 2324 und
750 2271 810 2325 also
834 2271 875 2325 uls
893 2271 1025 2325 1199911911
1047 2270 1114 2325 fest:
1143 2269 1310 2324 (11919991-

133 2341 306 2397 Helldnnkel
324 2341 464 2396 lebhufter
482 2342 663 2395 hervortrete.
749 2341 881 2410 gerechte
913 2341 990 2396 Rode
1027 2359 1103 2395 mnes
1134 2340 1312 2410 rhythmiscb

173 2419 198 2466 1.
223 2413 332 2467 9999199
349 2412 379 2466 in
397 2412 532 2466 kfirzeren
550 2412 695 2466 unterbro-
749 2411 821 2479 sein;
840 2427 931 2466 carere
948 2412 1070 2467 enubere
1089 2417 1148 2465 172.

22 2539 25 2546 ,
134 2483 242 2537 chonen
261 2480 370 2552 Stoicen,
389 2483 494 2550 diffusa
511 2482 696 2537 uuseinonder

134 2552 272 2619 fliessend
291 2552 350 2608 sich
370 2553 475 2608 breiter
493 2553 640 2623 ergehend
659 2552 695 2607 de
785 2519 812 2587 2)
831 2523 846 2584 5
865 2522 1014 2574 188-190.

135 2641 174 2680 or.
194 2625 229 2692 ΙΙ,
245 2628 295 2678 159
315 2641 403 2748 penus
422 2623 557 2678 sermonis
575 2640 635 2707 non·
649 2625 693 2691 fu·
786 2630 827 2678 10.
853 2624 978 2692 deinceps
1001 2620 1121 2692 Seyffert
1148 2623 1235 2679 schol.
1259 2624 1311 2680 lut.

133 2711 413 2821 {pumppuffi‘uenu
437 2696 487 2748 sed
506 2726 539 2734 —
558 2710 695 2750 omum
748 2699 763 2760 δ
784 2700 826 2820 {b
845 2699 975 2832 bonuau.
1015 2764 1053 2818 Es
1071 2762 1134 2832 gibt
1152 2764 1314 2834 iiberbuupt

171 2842 196 2890 2.
222 2837 377 2890 litterarum
401 2837 453 2890 etc.
485 2851 516 2889 so
544 2835 620 2890 kann
645 2835 694 2889 das
748 2853 801 2890 nur
819 2835 866 2890 die
879 2835 1040 2890 bestimmie
1048 2834 1158 2887 Anzuhl
1176 2851 1232 2888 von
1251 2835 1312 2890 drei
1355 2880 1357 2885 .

134 2906 214 2960 nieht
238 2923 293 2961 von
322 2907 371 2960 der
398 2904 625 2960 Besohaffenheit
646 2905 696 2960 der
748 2906 835 2962 Arten
849 2924 905 2961 von
912 2906 1082 2975 Rhythmen‚
1101 2906 1152 2960 dus
1166 2905 1229 2959 sind
1243 2906 1312 2960 uber

15 2978 20 2986 '
134 2976 695 3046 Buohsteben,sondernnnrvon1Weoh·
749 2978 820 3032 eben
838 2978 884 3031 dre
901 2975 1074 3046 poetieoben‚
1093 2975 1139 3030 dia
1150 2976 1311 3043 Versfdssa;

133 3049 176 3103 sel
206 3048 256 3103 der
286 3049 421 3118 langeron
457 3047 525 3103 oder
559 3047 696 3102 kurzeren
749 3047 867 3117 lolglioh
894 3047 957 3102 sind
987 3047 1043 3101 ulle
1070 3047 1233 3116 Rhytbmen
1262 3047 1314 3102 dar

118 3120 244 3183 ,Puusen
261 3119 402 3173 kommen,
750 3117 848 3172 Poesio
867 3118 1007 3186 entlehnt,
1032 3133 1061 3171 es
1084 3118 1147 3188 gibt
1168 3135 1222 3171 nur
1243 3135 1313 3187 poe-

171 3196 195 3242 3.
215 3190 423 3244 intervallorum
443 3194 507 3253 1813
526 3189 626 3256 quibus
642 3189 695 3241 etc.
750 3188 841 3243 tische
858 3187 1029 3258 Rhythmen.

135 3259 181 3314 die
198 3259 333 3328 liingeron
355 3257 412 3312 und
435 3258 570 3313 kitrzeren
588 3259 696 3312 Pousen
787 3264 829 3312 12.
845 3275 894 3327 pes
912 3279 931 3314 s.
950 3258 1007 3313 ind.
1026 3258 1193 3328 Rhythmus.
1235 3316 1240 3321 ,

136 3330 301 3399 (Tuktteile)
316 3328 696 3398 durohziehenindergross-
788 3335 828 3383 16.
852 3331 901 3397 qui
921 3331 1002 3397 pedes
1021 3332 1074 3385 etc.
1102 3328 1154 3383 wie
1183 3333 1257 3383 wore
1281 3344 1312 3383 ee

134 3407 183 3455 ten
202 3399 470 3470 Mannigfnltiglxeit,
495 3399 563 3453 bald
580 3398 696 3452 zuriiok·
749 3399 887 3468 1911311911,
915 3399 980 3454 dass
1006 3398 1082 3455 diese
1109 3399 1257 3453 Versftisoa
1281 3398 1312 3452 in

135 3471 253 3526 hultend
270 3470 338 3524 bold
357 3470 460 3524 wieder
473 3470 633 3539 befldgalnd
651 3469 696 3524 die
750 3469 801 3523 der
818 3469 905 3525 Prone
922 3470 1002 3524 nicht
1024 3469 1194 3524 vorkbmen?
1231 3470 1312 3524 Wor-

135 3542 227 3608 Rede3
247 3558 277 3596 so
296 3542 386 3611 bongt
403 3558 433 3596 es
451 3556 508 3595 von
521 3540 617 3594 diesen
634 3558 696 3594 ver·
750 3540 804 3595 den
832 3540 907 3594 donn
934 3539 1011 3595 dieso
1037 3540 1199 3610 Rhythmen
1217 3541 1311 3609 (Vers-

136 3612 304 3668 schiedenen
326 3611 435 3666 numeri
459 3610 520 3679 (der
536 3610 624 3682 Folge
647 3611 697 3664 der
750 3611 835 3680 fiisse)
860 3610 891 3665 in
914 3610 1068 3666 oratorisch
1093 3610 1229 3679 richtiger
1252 3613 1311 3665 An-

75 3739 78 3743 .
135 3683 203 3739 buld
225 3684 383 3752 mecheren,
411 3682 478 3738 bold
502 3683 697 3752 lengsomeren
750 3682 878 3752 ordnung
901 3681 1024 3751 gestellt,
1052 3697 1082 3736 so
1109 3681 1180 3735 wind
1206 3680 1257 3735 dus
1280 3697 1315 3736 so

136 3754 293 3823 Versfitsse)
313 3754 358 3821 ob,
377 3754 413 3808 ob
430 3754 489 3808 und
502 3753 625 3807 walchen
634 3752 696 3807 Tail
750 3752 892 3822 gebildete
915 3750 1007 3806 Ganze
1031 3751 1192 3820 uotwendig
1212 3752 1312 3821 rhyth-

135 3825 186 3878 des
198 3823 385 3892 Rodegunzen
404 3824 513 3878 stabilis
532 3825 600 3879 oder
617 3823 696 3877 volu·
750 3822 840 3878 misch
858 3823 919 3877 sein
935 3827 1048 3878 miissen
1067 3823 1162 3891 (190a.
1181 3822 1234 3891 E.).

11 3952 14 3961 ,
81 3898 85 3905 ’
135 3893 202 3949 bilis
220 3893 264 3948 ist.
788 3900 828 3949 19.
862 3893 916 3949 Sed
946 3895 999 3949 919.
1041 3891 1097 3948 cio.
1125 3893 1222 3947 moobt
1248 3893 1312 3949 bier

11 3966 23 3979 ''
172 3970 196 4019 5.
216 3965 350 4018 contineri
369 3971 427 4021 102.
750 3959 843 4036 glaieh
873 3964 1012 4033 vorlitutig
1041 3962 1142 4018 derunt
1170 3962 1311 4018 991999911-

172 4036 305 4090 919991199
313 4037 444 4102 περίοδος
455 4039 541 4105 (204);
562 4041 613 4089 149
622 4051 696 4089 com·
750 4051 820 4102 sem,
839 4036 903 4090 does
921 4050 1003 4089 wann
1021 4034 1094 4088 euch
1115 4034 1185 4088 ulle
1203 4033 1311 4103 Rhyth·

134 4105 297 4178 prehensio;
317 4111 367 4160 loe
387 4106 535 4161 conclusio.
750 4122 815 4160 man
831 4105 872 4160 im
889 4104 1066 4174 prosuisohan
1085 4104 1232 4159 Ausdruclx
1249 4120 1310 4159 vor·

173 4184 196 4232 6.
223 4177 366 4232 incitatior
392 4179 481 4245 fertur
505 4183 551 4242 67;
584 4177 697 4231 instetut
750 4176 896 4244 kommen,
929 4176 1002 4230 doeh
1028 4176 1127 4231 dorum
1152 4175 1232 4229 nicht
1256 4175 1313 4229 ello

141 4254 199 4302 tto.
750 4246 880 4316 gleiohen
898 4247 978 4302 Werd
996 4247 1041 4301 ldr
1059 4246 1114 4300 den
1136 4245 1243 4300 Bedner
1261 4245 1311 4299 hu·

173 4325 198 4374 8.
219 4320 400 4388 Perspicuum
411 4320 464 4374 etc.
479 4319 608 4374 schlieset
621 4317 698 4373 dieue
750 4318 805 4373 ben
823 4317 953 4389 (19111).Ι

127 4404 227 4456 ganzo
253 4390 426 4462 Erorterung
457 4391 515 4446 uba*
538 4389 589 4446 des
621 4389 698 4445 steht
