2760 4740
454 163 603 219 onnuon
621 171 663 219 ea.
683 160 833 222 noa-'nro
1172 169 1234 232 139

58 348 164 393 renses
186 346 284 406 neque
308 331 429 389 omnino
457 330 682 409 repudiandum.
738 330 769 390 Si
798 333 877 391 enim
906 350 1024 413 semper
1051 341 1149 413 utare,
1174 331 1288 414 62,209
1371 389 1372 399 ,

59 437 129 481 cum
153 419 318 478 satietatem
342 416 448 498 adfert,
472 426 535 478 tum
560 418 645 496 quale
669 421 708 478 sit
731 421 819 478 etiam
839 419 875 479 ah
889 422 1036 500 imperitis
1051 425 1235 502 agnoscitur3

59 505 190 569 detrahit
212 513 367 584 praeterea
389 507 514 566 aetionis
528 506 670 589 dolorem,
693 507 790 568 aufert
803 507 966 568 humanum
981 527 1102 569 sensum
1117 513 1235 591 actoris,

60 594 137 656 tollit
160 593 296 655 funditus
319 595 474 654 veritatem
497 602 528 654 et
551 594 648 655 tidem.

30 697 45 738 s
150 682 210 743 Sed
234 683 374 760 quoniam
397 676 562 742 adhihenda
585 701 808 761 nonnumquam
832 691 892 763 est,
922 686 1052 762 primum
1075 686 1235 747 videndum

58 780 119 852 est,
153 788 211 848 quo
240 769 318 849 loco,
350 770 457 830 deinde
490 789 578 849 quam
607 771 657 831 diu
685 771 841 831 retinenda
868 774 919 851 sit,
951 779 1015 832 tum
1043 782 1116 851 quot
1139 773 1235 834 modis

58 858 276 922 commutanda.
321 857 493 918 Adhibenda
516 867 563 918 est
585 860 676 937 igitur
704 876 864 919 numerosa
892 862 1000 940 oratio,
1028 863 1054 920 si
1083 868 1134 921 aut
1160 862 1221 922 lau·
1236 872 1289 921 210

58 947 189 1009 dandum
213 954 259 1007 est
287 945 398 1024 aliquid
425 949 572 1027 ornatius,
604 954 638 1006 ut
670 966 724 1007 nos
752 950 782 1007 in
812 951 1009 1008 accusationis
1038 949 1169 1010 secundo
1198 951 1234 1010 de

60 1036 178 1098 Siciliae
202 1033 287 1095 laude
311 1032 455 1114 diximus,
482 1037 517 1095 ut
540 1037 571 1095 in
594 1043 700 1095 senatu
724 1035 760 1095 de
784 1036 939 1097 consulatu
963 1054 1044 1117 meo,
1072 1045 1123 1098 aut
1146 1056 1235 1117 expo·

18 1140 46 1180 ιο
60 1125 156 1185 nenda
179 1125 319 1201 narratio,
348 1140 423 1200 quae
447 1122 514 1202 plus
538 1122 688 1201 dignitatis
712 1123 862 1185 desiderat
884 1142 973 1202 quam
996 1124 1119 1206 doloris,
1147 1129 1235 1186 utin

59 1220 166 1293 quarto
194 1212 391 1271 accusationis
420 1210 456 1270 de
480 1210 633 1271 Hennensi
656 1210 780 1292 Cerere,
808 1212 844 1272 de
873 1211 1034 1290 Segestana
1061 1212 1166 1294 Diana,
1198 1214 1234 1274 de

59 1301 275 1380 Syracusarum
299 1300 358 1358 situ
386 1298 522 1359 diximus.
574 1299 668 1379 Saepe
698 1301 787 1360 etiam
814 1303 845 1359 in
873 1300 1076 1379 amplificanda
1103 1319 1136 1360 re
1165 1320 1234 1362 con·
1337 1309 1340 1313 ’

59 1406 146 1450 cessu
171 1389 304 1447 omnium
326 1386 463 1447 funditur
485 1405 644 1447 numerose
668 1395 698 1448 et
720 1387 889 1448 volubiliter
914 1391 1020 1469 orati03
1044 1389 1074 1449 id
1098 1408 1152 1449 nos
1176 1391 1234 1450 lor-

59 1486 139 1538 tasse
162 1492 223 1535 non
245 1476 436 1556 perfecimus,
459 1478 557 1535 conati
581 1476 701 1554 quidem
725 1478 898 1556 saepissime
921 1494 1038 1558 sumus,
1066 1478 1145 1556 quod
1169 1478 1235 1557 plu·

19 1581 46 1620 rs
61 1567 146 1626 rimis
168 1562 242 1624 locis
265 1565 470 1642 perorationes
493 1572 613 1624 nostrae
636 1564 764 1625 voluisse
789 1583 843 1624 nos
871 1572 959 1643 atque
988 1568 1085 1625 animo
1113 1575 1234 1627 conten-

60 1653 142 1723 disse
164 1651 323 1712 declarant.
369 1650 401 1710 ld
426 1658 525 1712 autem
548 1660 612 1712 tum
635 1651 721 1733 valet,
745 1671 812 1714 cum
836 1655 862 1713 is
886 1655 937 1731 qui
961 1653 1042 1713 audit
1065 1653 1101 1713 ah
1116 1663 1234 1715 oratore

58 1745 118 1802 iam
141 1739 282 1800 obsessus
307 1747 352 1800 est
375 1757 409 1799 ac
433 1747 561 1800 tenetur.
611 1739 678 1800 Non
701 1743 780 1803 enim
804 1741 834 1800 id
863 1743 935 1819 agit,
962 1749 997 1801 ut
1023 1741 1181 1803 insidietur
1205 1751 1235 1803 et

57 1825 211 1908 observet,
240 1827 292 1887 sed
316 1830 374 1887 iam
398 1827 475 1887 lavet
502 1846 737 1907 processumque
765 1828 828 1889 vult
856 1829 1033 1908 dicendique
1061 1832 1120 1889 vim
1144 1831 1234 1891 admi·

60 1936 131 1978 rans
154 1934 215 1977 non
238 1917 369 1993 anquirit
391 1915 463 1994 quid
486 1915 694 1994 reprehendat.

94 2077 119 2124 2.
139 2069 273 2139 quateret
291 2068 364 2122 auch
382 2067 507 2122 derLaie
526 2069 619 2122 merki
710 2075 752 2122 12.
779 2069 811 2122 iu
837 2070 1036 2136 amplificanda
1061 2086 1099 2136 re,
1130 2071 1161 2124 in
1185 2071 1235 2125 der

57 2141 133 2196 deun
151 2139 197 2192 die
215 2137 388 2208 Kunstgriffe
406 2139 463 2192 und
482 2138 532 2193 der
550 2139 618 2193 fort-
673 2134 791 2206 αὔξησις
808 2139 845 2192 ad
862 2140 928 2193 Har.
942 2141 991 2208 ΙΙΙ,
999 2147 1032 2194 23
1052 2140 1234 2209 amplificatio

56 2209 207 2266 whhrende
234 2208 443 2263 Parallelismus
470 2228 497 2262 u.
530 2227 551 2262 s.
584 2228 618 2263 w.
674 2211 717 2263 est
726 2209 816 2263 oratio
825 2227 896 2279 quae
906 2211 956 2264 aut
965 2210 1181 2266 adiracundiam
1191 2211 1235 2265 in·

57 2281 155 2338 macht
181 2279 284 2334 keinen
301 2279 445 2347 Eindruok
468 2280 548 2334 mehr
571 2280 622 2334 auf
673 2280 752 2335 ducit
770 2283 820 2335 aut
843 2281 879 2334 ad
903 2280 1123 2336 misericordium
1145 2281 1236 2337 trahit

56 2354 109 2408 ihn
126 2356 188 2405 215.
673 2351 809 2406 auditoris
828 2352 965 2419 animum3
983 2352 1235 2422 besondersgegen

94 2430 120 2478 3.
139 2422 258 2476 detruleit
275 2437 374 2491 wegen
393 2420 442 2475 der
453 2423 545 2476 steten
559 2421 619 2475 kal-
674 2422 728 2475 den
747 2421 862 2477 Schluss
884 2422 934 2477 hin
957 2423 992 2478 de
1015 2439 1054 2477 or.
1073 2423 1094 2492 Ι,
1115 2429 1166 2477 143
1190 2440 1234 2477 ex-

58 2497 110 2549 ten
123 2491 286 2547 Berechnun
325 2490 415 2546 dieser
433 2491 623 2546 oratorisohen
675 2493 971 2560 memorationem,
995 2494 1235 2563 quaepronobis

59 2567 157 2628 Form3
176 2562 226 2616 der
243 2562 284 2616 Re
325 2577 354 2615 er
372 2563 441 2631 geht
457 2562 558 2616 immet
575 2562 626 2617 aus
677 2565 778 2630 essent,
798 2562 996 2632 amplificanda
1015 2565 1044 2617 et
1062 2564 1198 2634 augenda.

61 2635 186 2700 Stelzen,
226 2633 286 2686 sein
316 2632 487 2688 natrirliohes
520 2631 623 2687 Gefuhl
714 2639 755 2686 13.
787 2634 919 2700 funditur
952 2635 1053 2689 strdmt
1083 2635 1130 2689 die
1157 2635 1233 2688 Rede

59 2706 177 2770 kommt,
190 2703 270 2758 nieht
293 2721 356 2756 anm
375 2703 534 2769 Ausdruck‚
558 2703 623 2758 weil
679 2703 719 2757 im
737 2703 949 2774 rhythmischen
971 2704 1033 2758 Fell
1060 2705 1119 2758 und
1145 2721 1234 2774 unge-

60 2794 92 2832 er
110 2774 189 2830 nieht
205 2774 292 2828 reden
311 2773 385 2842 darf,
412 2773 466 2828 uie
488 2774 548 2828 ihm
573 2775 623 2829 der
675 2775 818 2829 hemmten
836 2775 925 2845 Finge
943 2774 1031 2829 dahin
1053 2777 1124 2844 (222.
1143 2776 1178 2830 de
1194 2792 1234 2830 or.

62 2845 206 2903 Schnehel
224 2844 389 2914 gewaehsen
407 2844 452 2900 ist.
676 2844 724 2912 ΠΙ,
737 2851 789 2899 194
807 2862 903 2901 versus
922 2846 1060 2914 fundere);
1079 2847 1235 2901 oolohtlc'ter

95 2917 212 2972 odionis
235 2917 352 2970 dolorem
380 2915 431 2968 des
453 2915 620 2970 Herubewe·
674 2922 735 2971 not.
1229 2926 1231 2931 ’

57 2987 150 3061 gendo
167 2987 209 3040 im
226 2987 349 3055 Vortrag
368 2986 439 3053 (130.
459 2984 494 3039 de
513 3002 552 3040 or.
571 2985 618 3052 ΙΠ,
712 2991 752 3041 15.
768 2989 958 3055 perorationes
977 2992 1037 3042 130.
1317 3035 1318 3040 ,

58 3061 114 3129 96),
133 3057 198 3112 weil
215 3057 304 3111 durch
322 3056 369 3110 die
386 3055 621 3110 unaufhtrliehen
711 3062 752 3112 tr.
776 3059 807 3111 id
829 3058 889 3126 opit
912 3059 965 3112 eto.
1002 3057 1173 3126 Anftnglich
1196 3056 1235 3112 ist

57 3129 226 3187 Antithesen
240 3147 267 3182 u.
282 3145 303 3182 s.
318 3145 352 3180 w.
372 3127 422 3180 das
433 3126 535 3181 Geffihl
549 3143 620 3196 gana
674 3127 724 3181 der
741 3127 857 3182 Richter
875 3127 926 3182 aui
941 3127 1108 3195 seinerHut
1128 3144 1158 3182 cr
1176 3127 1235 3182 will
1348 3137 1350 3141 '

58 3199 253 3270 abgestumptt
270 3197 348 3252 wird.
674 3197 735 3252 sich
765 3198 845 3254 nicht
873 3198 973 3269 irgend
999 3198 1142 3253 beriicken
1168 3199 1236 3254 oder
1267 3259 1268 3264 1

95 3277 121 3326 4.
144 3270 217 3324 totttt
242 3269 288 3323 die
307 3268 326 3322 S
346 3268 430 3323 racha
453 3268 503 3321 der
520 3268 620 3322 Wahr-
673 3269 845 3324 verhlenden
862 3269 969 3334 lassam
988 3269 1105 3325 deshalb
1124 3269 1187 3340 gibt
1205 3286 1236 3324 er
1289 3275 1311 3313 ’ψ

57 3341 133 3409 lacit,
154 3340 205 3394 der
222 3357 289 3394 man
333 3341 462 3393 ertraucn
480 3339 621 3393 schenken
674 3338 734 3394 sich
752 3339 831 3393 nicht
849 3340 942 3409 gleioh
966 3340 1025 3409 hin,
1053 3341 1172 3395 sondem
1197 3339 1236 3395 ist

56 3415 144 3480 kann,
160 3411 199 3466 ist
215 3411 246 3464 in
264 3410 314 3465 der
326 3410 416 3479 Regni
434 3409 545 3464 einfach
562 3410 620 3464 und
672 3409 712 3463 im
728 3410 875 3479 Gegenteil
889 3411 990 3465 darauf
1005 3412 1152 3480 gerichtet,
1170 3410 1236 3465 dem

57 3481 244 3540 schmuoklos.
672 3480 784 3534 Redner
802 3497 894 3550 ganan
912 3481 1104 3550 aufaupassen.
1147 3482 1188 3536 Ist
1205 3498 1236 3535 er

94 3558 121 3608 5.
140 3553 296 3607 adhsoeoda
315 3567 351 3605 so.
366 3551 620 3606 numeroseoratio.
674 3552 742 3606 aber
759 3550 865 3606 einmal
882 3569 1050 3621 gewonnen,
1077 3553 1151 3606 deun
1170 3552 1236 3606 hort

96 3631 120 3678 t.
140 3623 333 3678 commentanda
347 3622 393 3677 die
407 3618 526 3691 ῥυθμῶν
536 3640 621 3687 μετα·
674 3621 746 3675 auch
759 3622 997 3691 die-anfangliche
1007 3621 1236 3690 Zurtiokhaitung

57 3690 129 3769 βολή
152 3693 220 3749 oder
242 3688 385 3761 oiloloemr,
410 3691 504 3757 Quint.
523 3691 575 3760 IX,
594 3697 620 3761 4,
674 3692 726 3745 auf
745 3691 850 3760 (Quint.
876 3693 923 3759 IX,
947 3697 973 3760 4,
999 3697 1049 3747 129
1072 3691 1155 3746 iudex
1179 3708 1236 3747 non

57 3771 94 3820 ὅθ
119 3764 266 3835 (rhythmi)
292 3762 433 3833 quomodo
463 3765 620 3831 coeperant,
674 3763 766 3817 solum
783 3779 843 3817 rem
861 3764 948 3829 tenet,
967 3764 1016 3816 sed
1035 3761 1120 3817 etiam
1135 3763 1235 3831 captus

57 3837 174 3891 omrunt
190 3850 280 3904 usque
298 3835 335 3888 ad
349 3831 514 3904 μεταβολήν,
532 3832 563 3887 id
578 3836 621 3888 est
674 3835 717 3887 est
735 3833 860 3888 oratione
884 3835 923 3888 et
935 3850 964 3888 se
987 3833 1076 3888 credit
1098 3832 1187 3887 actori
1206 3835 1236 3887 et

56 3906 209 3963 transitum
230 3906 261 3961 in
284 3904 362 3960 aliud
380 3921 467 3974 genus
485 3904 620 3972 rhythmi.
674 3904 821 3973 voluptate
838 3904 895 3958 iam
915 3904 1047 3973 ducitur);
1067 3921 1098 3958 er
1114 3902 1153 3958 ist
1170 3903 1233 3958 dem

93 3980 124 4048 a)
143 3982 159 4044 t
179 3983 240 4031 210.
263 3997 265 4001 ·
673 3974 784 4030 Redner
802 3975 924 4044 geneigt,
943 3975 1016 4030 sieht
1034 3991 1151 4045 esgem,
1170 3975 1234 4029 dass

94 4054 120 4104 8.
140 4047 324 4104 manationis
342 4047 420 4102 Verr.
439 4047 502 4113 tta
522 4064 543 4100 s.
562 4046 620 4100 ind.
675 4061 705 4100 er
729 4045 780 4100 auf
804 4046 854 4100 der
878 4045 1130 4115 eingesohlageuen
1154 4045 1234 4098 Bahn

55 4117 181 4185 Verrin.;
213 4120 247 4174 de
269 4118 414 4173 cadmiam
436 4133 493 4172 meo
517 4135 538 4172 s.
560 4117 619 4172 ind.
673 4116 802 4186 fortgehc
820 4117 878 4171 und
891 4114 1235 4171 heuundertseineRede·

59 4188 167 4247 (tiano.
231 4188 238 4198 '
673 4186 761 4240 kunst
785 4188 857 4242 ohne
875 4187 1009 4243 tadelnde
1027 4186 1133 4250 Kritik3
1165 4185 1235 4240 duai-

96 4266 140 4317 to.
168 4260 235 4330 plue
270 4259 418 4329 dipoitatis
449 4262 503 4314 etc.
540 4258 620 4314 mehr
674 4257 767 4312 dictur
784 4257 837 4312 wic
856 4257 891 4312 de
910 4274 948 4313 or.
967 4259 989 4326 1,
1009 4262 1069 4312 136.

56 4329 169 4401 rubigo,
187 4346 355 4402 gemessene
367 4329 495 4399 Haltung
514 4329 619 4384 alsPa-
711 4364 738 4431 b)
757 4368 772 4429 ἕ
791 4367 841 4416 ,Μ

56 4402 126 4459 thos
144 4406 206 4458 209.
308 4414 312 4420 ·
845 4405 869 4426 ‘·
