2760 4740
505 159 655 215 ORATOR
674 166 715 214 10.
735 167 848 215 32—33.
1222 161 1266 224 47

90 322 220 388 nihus'.'
265 327 385 408 Fateor,
423 327 475 386 scd
508 329 548 386 ita
581 334 615 386 nt
646 344 749 386 rernm
785 327 947 405 explicator
979 329 1111 406 prudens
1144 347 1266 389 severus

91 418 200 497 gravis,
224 432 285 475 non
308 424 343 476 ut
366 418 396 474 in
419 416 537 475 iudiciis
556 422 688 475 versaret
712 433 825 494 causas,
849 416 900 475 sed
925 424 958 475 nt
981 418 1011 475 in
1035 417 1167 477 historiis
1190 417 1267 478 helle

91 512 238 564 narraret.
293 503 395 582 ltaque
429 521 591 582 numquam
620 511 666 563 est
694 512 867 563 numeratus
896 512 1009 584 oratum
1042 523 1097 565 uec
1125 525 1209 586 vero,
1242 509 1268 566 si
1286 519 1324 567 32

91 593 250 653 historiam
277 611 338 652 non
366 594 548 672 scripsisset,
582 609 689 651 nomen
722 594 786 651 eins
819 599 958 672 exstaret,
991 611 1058 652 cum
1090 598 1268 672 praesertim

64 683 203 742 sinisset
225 680 388 741 honoratus
412 688 442 740 et
465 679 581 740 nobilis.
632 679 728 739 Huius
751 688 850 740 temen
874 699 961 740 nemo
985 699 1082 759 neque
1107 683 1268 744 verborum

92 787 193 849 neque
215 771 434 847 sententiarum
457 771 630 847 gravitatem
653 769 800 848 imitatur,
828 768 880 827 sed
904 787 973 829 oum
996 770 1099 829 mutila
1123 773 1266 849 quaedam

92 866 124 919 et
146 858 260 918 hiantia
281 858 373 918 locuti
404 864 487 937 suut,
517 875 592 935 quae
622 856 667 914 vel
698 858 762 915 sine
792 859 934 934 magistro
964 858 1062 917 lacere
1094 868 1267 939 potnerunt,

93 964 252 1026 germanos
285 965 317 1006 se
348 954 455 1025 putant
488 964 553 1005 esse
586 944 781 1022 Thucydidas.
836 944 947 1005 Nactus
980 964 1046 1006 sum
1080 950 1182 1027 etiam,
1214 951 1267 1027 qui

93 1035 302 1114 Xenophontis
326 1035 453 1094 similem
475 1052 541 1094 esse
565 1052 597 1093 se
621 1039 753 1112 cuperet,
777 1035 863 1093 cuins
887 1052 985 1093 sermo
1009 1042 1055 1094 est
1077 1035 1126 1094 ille
1147 1037 1268 1114 quidem

53 1145 80 1183 ιο
93 1123 183 1183 melle
207 1123 331 1202 dulcior,
355 1122 406 1182 sed
430 1141 446 1182 a
469 1124 582 1182 lorensi
605 1123 733 1200 strepitu
756 1123 982 1181 remotissimus.

117 1258 120 1263 .
185 1211 361 1271 Referemus
384 1229 439 1292 nos
467 1213 558 1289 igitur
586 1209 621 1269 ad
645 1227 714 1268 eum
743 1227 832 1286 quem
855 1210 991 1270 volumus
1014 1211 1214 1272 inchoandum
1237 1221 1268 1273 et
1287 1220 1325 1269 33

95 1319 131 1361 ea
152 1300 275 1379 quidem
298 1299 468 1377 eloquentia
490 1298 723 1376 informandum,
747 1316 836 1375 quam
858 1300 888 1357 in
913 1298 993 1358 nullo
1021 1300 1158 1377 coguovit
1180 1301 1269 1361 Anto-

94 1392 172 1449 nius.
209 1387 348 1466 Magnum
370 1406 446 1466 opus
470 1389 589 1447 omnino
613 1394 643 1447 et
666 1386 801 1467 arduum,
824 1385 925 1466 Brute,
948 1405 1099 1468 conamur,
1123 1388 1175 1447 sed
1195 1389 1269 1449 nihil
1282 1383 1326 1447 10

95 1476 217 1537 difficile
241 1478 351 1537 amanti
373 1483 454 1554 puto.
482 1476 555 1534 Amo
579 1485 678 1535 autern
702 1482 732 1534 et
755 1492 873 1553 semper
897 1478 990 1535 amavi
1004 1478 1156 1555 ingenium
1172 1477 1270 1538 studia

55 1586 81 1626 15
95 1583 197 1625 mores
231 1572 311 1644 tuos3
344 1564 489 1624 incendor
516 1582 606 1642 porro
640 1562 748 1622 cotidie
776 1566 869 1641 magis
893 1581 951 1623 oon
987 1563 1135 1624 desiderio
1165 1566 1270 1646 solum,

96 1672 155 1732 quo
185 1643 305 1731 quidem
333 1653 487 1732 conficior,
516 1665 695 1729 congressus
724 1659 856 1732 nostros,
889 1653 1136 1712 consuetudinem
1164 1656 1270 1736 victus,

134 1866 157 1913 1.
177 1859 275 1925 fateor,
293 1859 339 1912 sed
359 1864 417 1912 143.

133 1937 159 1986 3.
177 1946 227 1984 uec
248 1945 310 1984 uero
333 1929 393 1983 sein
412 1928 657 1983 Geschichtswerk

95 2002 149 2056 hat
170 2000 266 2055 seinen
288 2000 399 2054 Namen
422 2000 472 2053 aui
497 2000 542 2053 die
565 2000 657 2053 Nach-

95 2072 166 2126 welt
194 2071 342 2141 gebracht,
375 2070 455 2124 nicht
486 2070 657 2125 oratorisohe

96 2143 273 2197 Verdienste.

134 2220 159 2268 4.
173 2212 403 2280 cumpraeeertim
412 2212 510 2281 ‚solbet
518 2211 657 2280 obgleich‚

96 2284 235 2339 trotzdem
253 2283 328 2336 dass‘
347 2289 390 2337 99.
409 2283 446 2336 ad
463 2283 521 2336 au.
532 2282 657 2350 XlV,18,

99 2363 123 2409 1.
142 2355 221 2409 Verr.
240 2354 274 2421 H,
290 2359 349 2407 113.
367 2353 440 2407 Phil.
459 2353 495 2421 II,
509 2359 544 2407 64
561 2353 656 2407 inven-

97 2427 143 2480 tus
174 2425 218 2478 est
248 2441 331 2478 nemo
357 2426 469 2493 praeter
496 2424 657 2490 Antonium,

98 2494 264 2566 praesertim
283 2512 344 2549 cum
363 2496 408 2549 tot
426 2497 520 2549 essent
537 2494 587 2562 qui
601 2493 659 2547 alia

99 2566 195 2622 omnia
213 2565 349 2620 auderent
375 2565 442 2634 (eig.
470 2581 528 2620 was
555 2583 603 2618 um
627 2581 658 2619 so

99 2637 285 2692 auffallendcr
302 2636 348 2704 ist,
367 2637 404 2690 da
422 2638 493 2704 ete).

135 2714 160 2762 5.
179 2708 336 2773 doctoratus,
349 2723 379 2761 er
387 2707 467 2761 hatte
476 2706 659 2760 hoheEhren·

100 2779 200 2834 stellen
219 2777 374 2846 hekleidet,
398 2793 456 2831 war
475 2778 589 2846 Strateg
613 2794 660 2846 ge-

99 2865 206 2916 wesem
225 2849 326 2903 nobilis
339 2848 417 2902 Brut.
425 2855 459 2903 43
474 2865 583 2902 summo
597 2849 659 2902 loeo

100 2923 191 2975 natus.
216 2939 237 2975 s.
256 2919 313 2974 ind.

137 2989 661 3046 mmmmmfflmw

100 3062 253 3132 geistlosen
271 3061 329 3115 und
342 3060 659 3115 mechanisohenNaoh·

99 3133 198 3187 ahmer
215 3131 266 3197 ist3
285 3132 325 3186 sie
344 3132 523 3186 iibertreiben
541 3131 659 3200 gewisse

99 3202 407 3273 Eigentdmlichkeiten
433 3201 508 3256 ihren
530 3202 659 3256 Meisters

101 3291 131 3329 ιο
150 3274 223 3342 sehr,
241 3274 305 3328 dass
324 3273 364 3327 sie
381 3291 439 3326 nun
453 3272 541 3342 vdllig
548 3273 659 3326 Fehler-

100 3345 194 3399 hanes
212 3363 247 3398 zu
265 3344 343 3413 Tage
361 3343 487 3398 fordern:
507 3343 552 3397 die
570 3344 660 3396 Krirze

101 3416 151 3470 der
159 3415 342 3484 Darstellung
359 3413 435 3483 zeigt
448 3413 508 3469 sich
517 3414 563 3468 bei
573 3414 660 3468 Thuo.

101 3486 196 3555 dorin,
223 3486 287 3540 dass
312 3501 342 3539 er
364 3485 443 3538 nicht
465 3484 545 3539 mehr
562 3486 661 3540 Worte

101 3558 144 3611 als
163 3556 317 3611 Gedanken
335 3555 398 3622 hau
417 3555 462 3610 die
482 3556 660 3610 Naehahmer

101 3629 193 3698 gehen
202 3627 307 3691 writer,
327 3626 366 3681 sie
376 3627 577 3681 verstiimmeln
591 3629 661 3693 (mu-

100 3699 166 3766 tila)
184 3698 230 3752 die
249 3696 402 3752 Gedanken
420 3697 477 3751 und
493 3696 588 3764 satam
606 3697 661 3752 fer-

101 3787 162 3824 ner:
184 3769 229 3824 bei
248 3768 299 3823 Th.
317 3768 414 3822 reihen
432 3767 491 3822 sich
511 3767 663 3823 Gedanken

102 3857 138 3895 an
156 3839 318 3907 Gedanken,
347 3855 377 3892 so
407 3839 470 3893 dass
499 3838 539 3893 sie
561 3839 592 3892 in
615 3855 662 3907 ge-

102 3912 239 3981 drangter
274 3909 457 3979 Darstellung
496 3909 554 3964 fast
590 3910 662 3963 ohne

101 3988 214 4037 {iussere
241 3980 432 4050 Vermittlung
456 3980 507 4035 anf
531 3980 663 4034 einander

101 4052 211 4122 folgen;
244 4052 294 4105 der
326 4051 543 4121 unverst‘andige
570 4051 662 4105 Nach-

102 4125 200 4178 ahmer
218 4122 336 4176 uteriert
354 4122 427 4177 auch
445 4123 504 4176 dies
522 4123 579 4176 und
593 4122 663 4176 litant

102 4192 434 4320 fflmffieffiutei‘figglien
452 4194 590 4318 zwisclgen
608 4193 663 4318 deig

164 4283 200 4319 an
223 4281 257 4319 en
275 4281 313 4317 un
403 4281 467 4333 zen,
490 4281 520 4319 so
558 4281 603 4318 ass
622 4281 646 4318 οι

102 4336 229 4392 klaffend
247 4335 433 4389 auseinander
451 4335 549 4390 stehen
573 4333 661 4403 (hian-

101 4408 163 4477 tia).
395 4427 398 4433 ·

671 1866 675 1872 '
749 1862 774 1912 8.
792 1849 1005 1925 permanserom
1015 1857 1138 1912 reinsten
1148 1860 1270 1927 wasser,

712 1927 766 1981 wie
785 1933 819 1981 90
842 1928 968 1996 germani
990 1928 1086 1982 Attici.
1114 1930 1148 1984 de
1172 1946 1211 1984 or.
1235 1930 1270 1998 11,

714 2004 765 2052 160
790 1999 880 2066 (Brut.
899 2005 942 2066 86,
961 2005 1012 2053 296
1040 2000 1109 2054 haec
1136 2016 1272 2070 germana

711 2069 803 2123 ironia
821 2070 886 2135 est);
914 2076 1013 2123 unctus
1029 2086 1104 2124 sum:
1126 2070 1274 2126 vielleicht

712 2139 751 2193 ist
769 2140 919 2194 besonders
932 2141 1035 2194 Brutus
1054 2142 1186 2210 gemeint.
1206 2142 1271 2211 Vgl.

711 2210 788 2275 Brut.
810 2216 860 2263 112
885 2214 915 2265 at
938 2210 1003 2280 Cyri
1026 2211 1114 2265 vitam
1138 2215 1166 2267 et
1189 2212 1270 2267 disei-

711 2281 818 2350 plinam
849 2281 960 2350 legunt,
992 2283 1165 2351 praeclaram
1191 2284 1273 2337 illam

712 2351 833 2420 quidem,
853 2353 902 2405 sed
920 2369 1012 2422 neque
1030 2356 1090 2407 tam
1108 2354 1211 2409 nostris
1229 2371 1272 2410 re·

711 2423 763 2476 bus
783 2426 879 2491 aptam
901 2440 953 2477 nec
975 2427 1072 2479 tamen
1091 2425 1188 2479 Scauri
1210 2427 1271 2480 lau-

711 2493 793 2547 dibus
812 2495 1044 2561 anteponendam.

749 2569 790 2618 10.
811 2581 829 2616 a
845 2564 950 2629 sorensi
967 2567 1084 2632 strepitu
1102 2567 1136 2620 de
1147 2583 1186 2622 or.
1194 2567 1230 2634 11,
1238 2573 1274 2622 55

713 2635 787 2702 apud
807 2634 926 2688 Graecos
945 2635 1168 2703 eloquentissimi
1181 2637 1272 2692 homi·

713 2723 762 2759 nes
785 2704 886 2759 remoti
908 2722 926 2759 a
949 2705 1039 2760 causis
1062 2707 1272 2764 forensibus..

715 2776 750 2829 ad
774 2776 949 2858 scrihendam
977 2777 1124 2832 historiam
1151 2778 1274 2834 maxime

714 2847 1089 2973 selipiliiaactvoitridni'ss—tssd.
1109 2920 1274 2990 Einleitung

713 2988 771 3126 upd
790 2988 970 3058 Uebergang:
994 2991 1019 3056 1)
1040 2996 1158 3057 33-353
1177 2992 1204 3058 2)
1224 2997 1274 3062 363

749 3135 791 3184 11.
810 3147 887 3198 quem
904 3133 1028 3185 volumus
1046 3138 1080 3185 20
1105 3132 1172 3186 oder
1190 3149 1274 3202 quem

714 3201 873 3268 quaerimus
892 3208 916 3257 3.
937 3208 983 3268 633
1010 3204 1208 3269 inchoandum,
1230 3203 1274 3257 in-

714 3271 806 3324 sofern
825 3272 875 3325 das
894 3273 1034 3342 bisherigc
1053 3275 1208 3342 gleichsam
1222 3292 1277 3328 nur

714 3341 759 3395 die
773 3342 976 3411 Prolegomena
994 3343 1113 3398 enthielt
1130 3345 1187 3398 und
1202 3345 1276 3415 jetat

714 3414 773 3466 erst
803 3413 875 3466 darn
911 3415 1127 3484 tibergegangen
1162 3416 1276 3470 werden

715 3483 776 3551 soll,
796 3484 842 3538 dia
851 3484 1020 3554 Grundziige
1030 3487 1179 3541 desorator
1188 3487 1276 3540 selbst

715 3554 911 3622 aufzustellen3
948 3556 1001 3609 mit
1032 3557 1163 3610 inchoare
1193 3556 1277 3611 weist

715 3625 783 3679 aber
797 3625 853 3680 oio.
872 3625 1000 3694 augleieh
1018 3627 1120 3679 darauf
1134 3626 1192 3695 hin,
1211 3627 1275 3680 dass

716 3696 761 3750 die
771 3696 951 3765 Darstellung
960 3714 1012 3750 nur
1023 3697 1276 3765 darauiAnspruch

716 3767 823 3835 maoht,
851 3766 915 3820 dem
942 3767 1081 3821 Idealbild
1108 3768 1157 3822 des
1182 3769 1276 3823 orator
1318 3819 1320 3824 .
1370 3780 1373 3785 '

717 3837 776 3891 sich
793 3855 827 3890 zu
840 3838 953 3903 nahem,
972 3838 1145 3908 vollsttindig
1158 3839 1276 3894 wieder-

717 3908 807 3976 geben
825 3908 895 3962 lassi
913 3908 972 3963 sich
991 3910 1040 3963 das
1050 3909 1128 3964 ldeal
1142 3911 1222 3964 nicht
1232 3917 1275 3965 19.

716 3980 1022 4104 An1ht.iuformuudum
1042 3986 1116 4047 3373
1137 3999 1158 4036 s.
1173 3981 1199 4034 d.
1209 3981 1276 4035 luit.

754 4128 794 4175 13.
814 4137 944 4190 tunquam
963 4123 1015 4177 etc.
1037 4127 1080 4176 75.

754 4198 795 4247 15.
816 4209 902 4260 porro
929 4193 986 4247 fort
1006 4193 1064 4246 und
1092 4192 1149 4246 fort
1174 4191 1276 4246 Catuli

716 4270 760 4332 44,
779 4270 794 4317 3
813 4265 842 4318 te
861 4264 969 4332 perdite
991 4279 1055 4317 amo
1078 4265 1163 4331 atque
1182 4280 1277 4318 amare

716 4351 798 4404 porro
826 4350 922 4389 omnes
949 4351 1011 4388 sum
1033 4333 1148 4387 assidua
1161 4337 1288 4402 paramus

719 4422 820 4463 annos.
