2760 4740
515 117 725 174 onerosam.
745 124 859 174 vo-va.
1224 106 1278 182 ’69

101 295 232 366 ponatur
255 284 394 363 aliudque
418 293 514 345 totum
538 285 585 364 sit,
608 293 711 345 utrum
733 279 860 366 ,decere‘
883 301 920 344 an
942 280 1103 364 ,oportere‘
1125 284 1205 346 dicas
1223 307 1276 367 -3
1297 296 1331 346 74

102 383 244 454 oportere
268 376 347 434 enim
370 374 584 452 perfectionem
613 372 744 433 declarat
771 373 874 454 oflicii,
904 391 962 452 quo
991 380 1020 433 et
1049 392 1166 453 semper
1191 383 1277 436 nten-

103 463 175 524 dum
203 471 250 523 est
278 471 308 523 et
336 461 487 542 omnihus,
515 461 621 521 decere
650 464 736 539 quasi
762 470 864 540 aptum
892 480 957 521 esse
986 471 1277 542 consentaneumque

105 553 234 630 tempori
257 560 288 611 et
310 568 469 631 personae,
497 549 576 628 qnod
600 559 668 610 cum
691 552 722 610 in
745 550 831 610 lactis
854 551 1026 629 saepissime
1050 559 1113 612 tum
1136 554 1167 612 in
1190 552 1278 612 dictis

74 638 192 720 evalet,
214 641 246 699 in
269 638 353 699 vultu
377 639 505 716 denique
529 646 559 698 et
581 647 667 716 gestu
692 646 722 698 et
743 641 877 719 incessu,
904 646 1067 718 contraque
1094 641 1166 700 item
1189 639 1277 700 dede-

103 746 236 809 cere—,
260 728 384 806 quodsi
406 736 494 806 poeta
512 727 588 805 fugit
612 735 644 787 ut
666 729 828 788 maximum
851 730 964 808 vitium,
988 730 1038 805 qui
1056 737 1160 806 peccat
1180 731 1278 808 etiam,

104 835 173 877 cum
195 815 292 895 probi.
306 819 471 880 orationem
495 816 615 894 adfingit
642 815 778 894 improbo
807 816 934 876 stultove
963 817 1118 897 sapientis,
1147 819 1173 877 si
1195 817 1277 877 deni·

104 924 163 985 que
190 907 287 984 pictor
314 903 362 964 ille
391 904 476 985 vidit,
505 923 573 965 cum
599 905 630 964 in
658 903 835 964 immolanda
857 904 1009 983 Iphigenia
1036 907 1131 965 tristis
1156 904 1277 966 Calchas

105 1004 201 1074 esset,
216 995 332 1054 tristior
355 992 465 1074 Ulixes,
492 1002 639 1052 maereret
661 992 827 1073 Menelaus,
855 991 1069 1054 obvolvendum
1093 1003 1181 1072 capnt
1203 993 1276 1072 Aga-

59 1096 89 1136 ιο
105 1084 271 1142 memnonis
294 1099 370 1161 esse,
393 1083 532 1159 qnoniam
556 1099 705 1141 summum
723 1081 806 1142 illum
820 1081 935 1142 luctum
948 1081 1087 1160 penicillo
1102 1099 1162 1142 non
1175 1091 1278 1162 posset

103 1173 222 1252 imitari,
246 1172 272 1230 si
296 1170 423 1248 denique
448 1169 553 1230 histrio
577 1169 648 1249 quid
672 1169 775 1230 deceat
795 1172 919 1250 quaerit,
943 1169 1014 1247 quid
1028 1170 1198 1230 faciendum
1212 1189 1277 1230 ora-

104 1262 164 1319 tori
185 1255 347 1338 putemus?
368 1291 406 1301 -
432 1257 485 1318 sed
509 1277 577 1318 cum
600 1258 657 1317 hoc
681 1266 796 1319 tantum
819 1261 867 1338 sit,
890 1257 961 1336 quid
984 1260 1016 1318 in
1040 1261 1137 1319 causis
1161 1277 1276 1319 earum-

105 1366 163 1426 que
187 1348 272 1426 quasi
295 1346 438 1407 membris
462 1347 549 1406 iaciat
572 1355 671 1406 orator
694 1346 816 1408 viderit:
844 1346 917 1407 illud
941 1346 1061 1425 quidem
1084 1349 1278 1426 perspicuum

105 1444 164 1517 est,
190 1454 251 1495 non
275 1435 362 1495 modo
385 1443 486 1513 partes
509 1437 664 1517 orationis,
693 1436 745 1496 sed
774 1437 863 1497 etiam
892 1453 994 1496 causas
1023 1444 1099 1496 totas
1128 1436 1198 1496 alias
1222 1435 1277 1495 alia

60 1525 199 1584 reforma
222 1523 341 1583 dicendi
367 1541 432 1583 esse
457 1523 632 1584 tractandas.

195 1612 337 1690 Sequitur
360 1620 395 1672 ut
417 1615 563 1691 cuiusque
587 1615 705 1691 generis
728 1622 797 1673 nota
820 1622 981 1691 quaeratur
1005 1621 1035 1673 et
1058 1613 1197 1673 formula:
1225 1610 1278 1695 23,
1299 1605 1333 1655 75

104 1719 245 1779 magnum
268 1718 344 1779 opus
368 1708 398 1760 et
421 1700 560 1781 arduum,
588 1709 622 1761 ut
645 1719 733 1780 saepe
756 1703 815 1761 iam
838 1702 979 1782 diximus,
1007 1701 1059 1761 sed
1088 1700 1280 1781 ingredienti·

106 1789 162 1849 bus
186 1788 435 1849 considerandum
458 1789 515 1849 fuit
539 1788 609 1869 quid
628 1807 793 1870 ageremus,
816 1808 897 1851 nunc
912 1790 1032 1868 quidem
1046 1791 1113 1872 iam,
1137 1808 1279 1869 quocum·

106 1877 328 1958 quateremur,
353 1876 447 1936 danda
470 1879 611 1938 nimirum
634 1878 698 1939 vela
721 1886 799 1939 sunt.

143 2089 167 2136 1.
189 2087 311 2151 oportere
333 2083 370 2137 ist
393 2083 453 2138 aleo
475 2084 526 2138 dae
545 2084 664 2153 absolut,
718 2083 815 2139 Damit
841 2084 880 2139 ist
904 2085 978 2138 denn
1003 2084 1075 2138 auch
1099 2083 1149 2138 der
1176 2083 1280 2138 Ueber-

105 2154 203 2208 decere
231 2153 281 2207 das
308 2153 411 2208 relativ
438 2173 472 2208 zu
503 2155 664 2220 fordernde3
719 2172 795 2225 gang
814 2174 848 2209 zu
867 2155 920 2210 den
944 2154 1004 2209 drei
1022 2154 1281 2224 Hauptstilgattun-

106 2225 179 2278 deun
197 2223 247 2278 der
264 2224 373 2294 Begriff
392 2229 522 2294 oportere
545 2225 665 2280 umlaset
718 2243 774 2296 gen
788 2226 928 2295 gemacht,
947 2227 1032 2280 deren
1048 2226 1113 2295 jede
1127 2225 1282 2294 gleichsam

106 2295 165 2361 das,
187 2311 245 2348 was
264 2312 312 2348 zur
330 2295 424 2350 vollen
441 2296 598 2366 Ausiibung
616 2297 665 2351 der
720 2297 765 2352 ein
782 2297 995 2352 verschiedenes
1014 2297 1145 2351 decorum
1163 2295 1207 2349 fiir
1221 2295 1281 2350 sich

106 2364 248 2421 eittlichen
266 2365 368 2421 Pflicht
386 2367 543 2436 geschehen
561 2385 647 2423 muas.
719 2369 749 2422 in
771 2368 917 2438 Anspruch
940 2368 1055 2434 nimmt3
1087 2368 1188 2421 viderit
1214 2382 1282 2435 mag

141 2443 167 2491 3.
185 2437 266 2504 quasi
279 2454 327 2490 um
341 2437 523 2502 anzudeutem
542 2437 606 2492 dass
620 2437 665 2492 die
720 2439 813 2506 sehen,
842 2439 882 2493 sei
909 2439 969 2493 ihm
996 2457 1030 2491 zu
1057 2438 1210 2507 viberlegen
1232 2453 1281 2491 an-

105 2506 257 2563 Definition
285 2507 336 2561 das
363 2507 540 2563 umfassende
563 2507 666 2564 Weeen
719 2509 1087 2579 heimgegeben,s.§152.

105 2580 155 2633 des
182 2578 314 2632 decorum
345 2597 398 2632 nur
430 2579 592 2633 ann'ahernd
624 2595 666 2633 er-

106 2648 225 2719 echdpft.
756 2651 783 2719 b)
819 2650 864 2704 im
899 2649 1112 2704 besonderen
1144 2647 1283 2703 erweiet

142 2726 166 2778 6.
180 2724 264 2789 poeta
282 2719 339 2773 und
353 2719 461 2789 pictor,
480 2721 569 2775 denen
588 2723 667 2775 sonet
720 2721 794 2776 sich
830 2720 883 2775 die
918 2719 1180 2774 Meisterschaft
1221 2720 1280 2773 dee

105 2790 239 2845 manches
272 2809 306 2843 zu
336 2792 404 2860 gnte
435 2791 568 2860 gehalten
594 2790 666 2845 vvird
719 2792 855 2846 wahren
873 2791 1036 2846 Redners:
1062 2790 1282 2859 11111131-

105 2861 172 2916 Hor.
191 2862 243 2915 art.
262 2863 337 2930 poet.
352 2861 395 2916 ef.
411 2861 565 2930 pictoribus
579 2864 665 2932 atque
720 2862 865 2917 schickten
900 2862 1086 2931 Anwendung
1124 2861 1174 2916 der
1210 2860 1283 2915 drei

104 2931 196 3057 ppqtie
225 2932 380 3057 quodlipptt
402 2932 523 3056 auqundi
555 2949 666 3014 semper
720 2950 851 3003 genera
869 2933 1021 3000 dicendi3

136 3021 146 3056 1
177 3019 268 3071 aequa
285 3020 321 3072 po
354 3021 418 3058 sas.
471 3020 514 3057 uc.
554 3021 664 3058 ‚rma.
1194 3035 1229 3048 ··

106 3080 139 3128 18
158 3071 278 3135 παλαιός
296 3065 379 3136 οὗτος
402 3069 417 3126 ό
437 3069 519 3142 ideoq
533 3021 664 3128 Ιόῖνευθό-
755 3041 781 3107 1)
800 3039 849 3093 ‘1⁰⁸
876 3056 982 3109 gem
1005 3042 1105 3093 tenue
1130 3039 1279 3107 (Atlwuml

103 3164 171 3207 νονς
200 3141 274 3198 εἶναι
301 3143 350 3198 καὶ
377 3141 497 3213 ποιητὰς
524 3145 573 3198 eorl
599 3165 665 3215 γρα-
719 3115 866 3176 §26‘90'
1206 3202 1209 3206 ,

105 3213 187 3284 φὲας.
756 3223 798 3271 16.
822 3221 888 3272 noia
910 3217 960 3271 das
983 3214 1192 3282 Kennzeichen,
1215 3215 1281 3269 cha-

140 3292 165 3340 8.
194 3287 286 3354 pictor
311 3286 358 3341 ille
385 3303 422 3342 sc.
452 3285 615 3342 Timanthes
642 3305 665 3343 e.
717 3287 931 3343 rakteristieche
966 3287 1104 3342 Merkmal
1134 3293 1182 3352 463
1224 3286 1280 3350 for·

102 3357 160 3411 ind.
719 3359 795 3413 maia
813 3364 847 3412 36
876 3358 1036 3413 bestimmte
1060 3360 1189 3412 concrete
1212 3356 1279 3410 Fas-

141 3452 183 3501 11.
213 3445 239 3500 ai
262 3445 378 3516 denique
408 3446 459 3501 das
491 3447 666 3517 zweimalige
720 3447 799 3499 ⁸¹¹¹18·

104 3516 226 3585 denique
246 3516 281 3586 (ei
299 3515 421 3586 denique
439 3516 542 3587 pictor)
564 3517 594 3572 in
617 3518 667 3572 der
757 3523 798 3572 1v.
822 3533 900 3586 saepe
918 3523 961 3571 33.
982 3522 1028 3584 523
1061 3515 1279 3586 incredieetidos

103 3587 248 3642 lebhaften
267 3586 435 3658 Steigerung
453 3587 507 3644 wie
524 3589 610 3644 head.
629 3588 665 3658 H,
721 3604 758 3643 sc.
778 3588 832 3643 iter
851 3589 918 3643 oder
936 3605 1055 3655 cursum,
1074 3588 1134 3642 also
1149 3586 1201 3640 ehe
1215 3602 1282 3640 man

104 3657 320 3727 44,1aea.E.;
355 3661 473 3724 oratori,
508 3657 558 3714 der
589 3659 667 3714 einer
720 3660 794 3714 noch
817 3658 868 3713 auf
890 3660 940 3713 der
962 3659 1056 3712 hohen
1076 3658 1127 3712 See
1149 3656 1202 3722 iet,
1226 3656 1283 3711 vvol

104 3728 177 3784 noch
205 3731 366 3798 strengeren
390 3729 484 3784 Kritilr
510 3731 668 3800 ausgeeetzt
721 3730 774 3784 mit
806 3729 982 3799 Anepielung
1014 3728 1064 3782 auf
1093 3727 1143 3782 das
1175 3727 1280 3796 griech.

103 3799 149 3868 ist,
173 3799 219 3854 fiir
246 3801 301 3855 den
328 3801 374 3855 die
392 3799 595 3871 Beobachtung
617 3802 666 3857 dee
722 3799 838 3856 Skolion
866 3800 912 3854 bei
939 3800 1101 3854 Athenaeus
1126 3798 1186 3867 XV,
1214 3803 1280 3853 295:
1334 3821 1335 3825 ¹

104 3871 236 3925 decorum
264 3872 324 3937 (der
342 3871 450 3941 Folgen
472 3873 581 3941 wegen)
608 3872 667 3927 viel
720 3866 753 3926 ἐκ
784 3871 836 3939 γῆς
863 3869 916 3940 μὲν
943 3865 1036 3940 ἄνδρα
1069 3865 1121 3939 χρὴ
1154 3871 1282 3924 κατιδεῖν

104 3941 253 4012 wichtiger
271 3942 316 3996 ist.
719 3936 817 4010 πλόον,
840 3943 871 3996 ei'
884 3961 926 4003 τις
945 3936 1063 3996 δύναιτο
1081 3941 1131 3995 καὶ
1148 3936 1282 4009 παλάμην

140 4019 184 4069 13.
202 4014 285 4082 quast
301 4013 428 4068 meandris
445 4013 500 4066 mit
513 4013 666 4069 Anachlues
721 4011 793 4082 ἔχοι·
814 4007 877 4067 ἐπεὶ
895 4011 927 4067 δέ
946 4007 976 4066 τ’
997 4007 1029 4067 ἐν
1047 4008 1141 4083 πόντῳ
1155 4010 1281 4080 γένηται,

104 4099 142 4137 an
169 4083 219 4138 des
246 4083 318 4139 eben
344 4083 488 4138 erwthnte
510 4083 588 4140 Bild:
621 4083 666 4139 die
719 4085 758 4156 τῷ
777 4079 914 4154 παρεόντι
932 4081 1041 4154 τρέχειν
1060 4079 1171 4152 ἀνάγκη
1191 4082 1280 4137 deor.

104 4170 205 4209 causae
234 4154 297 4208 sind
319 4154 364 4208 fdr
385 4155 440 4210 den
458 4154 581 4223 Redner,
608 4171 667 4210 vves
720 4156 741 4222 I,
761 4160 822 4209 147.
840 4155 890 4223 III,
910 4160 969 4210 144.

104 4225 156 4279 dae
174 4224 255 4296 SuJ'et
273 4225 319 4279 fiir
336 4225 391 4280 den
408 4226 510 4293 Maler3
535 4225 581 4282 die
603 4243 667 4296 par·
758 4231 800 4280 19.
819 4226 915 4280 danda
932 4226 992 4280 cete
1010 4229 1075 4279 eant
1092 4221 1281 4289 deor.ll,18'l

103 4302 148 4351 tes
176 4312 277 4352 caueae
301 4297 486 4366 antepreclten
513 4296 588 4351 daun
612 4297 667 4361 den
722 4295 758 4350 ad
776 4295 815 4364 id,
833 4296 907 4351 unde
927 4294 1030 4365 aliquis
1053 4295 1137 4348 flatus
1161 4291 1283 4348 ostendi·

105 4366 249 4422 einzelnen
272 4367 405 4437 (droppen
430 4366 480 4423 des
508 4367 666 4424 Gemaldes.
720 4370 778 4438 tur,
793 4367 861 4423 vela
877 4367 925 4422 do.
