2760 4740
115 135 157 198 58
530 105 684 188 'onerose
702 140 744 190 rs.
763 140 877 190 sr-ss.

115 301 194 382 hare,
219 301 297 379 quod
321 319 415 378 genus
438 302 532 380 ipsius
555 302 697 361 orationis
721 303 866 380 optimum
889 301 1067 380 iudicarem,
1095 319 1159 361 rern
1183 300 1290 363 diffici-

114 390 181 470 lem,
214 389 244 448 di
275 388 471 468 immortales,
503 395 591 466 atque
622 392 754 450 omniurn
778 390 987 450 difficillimam.
1042 388 1117 449 Nam
1144 406 1214 449 curn
1243 398 1291 451 est

114 480 208 539 oratio
236 477 332 537 molhs
361 486 391 537 et
418 485 521 537 tenera
549 484 579 537 et
605 479 647 538 ita
674 477 823 559 flexibilis,
855 486 889 538 ut
922 485 1064 556 sequatur
1098 496 1290 556 quocumque

116 577 265 646 torqueas,
289 576 353 625 turn
377 573 407 625 et
430 575 552 625 naturae
575 569 672 625 variae
696 574 725 626 et
748 565 915 627 voluntates
934 566 1062 627 multum
1084 568 1164 626 inter
1188 585 1220 626 se
1246 566 1290 627 di·

55 672 96 721 153
115 657 223 716 stantia
247 655 412 714 effecerunt
426 672 535 732 genera
559 653 683 713 dicendi.
712 653 836 714 Flumen
851 655 915 715 aliis
930 654 1090 715 verborum
1104 653 1286 715 volubilitas·
1302 668 1314 708 5

117 763 173 823 que
189 742 273 803 cordi
286 753 339 823 est,
355 745 406 820 qui
415 750 531 821 ponunt
545 743 576 800 in
591 745 732 802 orationis
748 743 898 804 celeritate
917 743 1131 823 eloquentiam;
1146 743 1286 805 distincta

113 832 184 892 alios
199 841 229 891 et
243 833 432 910 interpuncta
444 828 605 911 intervalla,
619 849 719 891 morae
739 833 1011 910 respirationesque
1028 831 1184 892 delectant.
1209 831 1289 902 Quid

112 929 211 1000 potest
234 938 300 979 esse
323 929 384 979 tarn
407 919 578 978 diversum?
603 926 700 979 tamen
724 922 823 979 estin
847 927 974 998 utroque
1000 919 1110 998 aliquid
1131 919 1289 980 excellens,

112 1008 271 1069 Elaborant
299 1006 348 1066 alii
377 1010 408 1066 in
435 1007 556 1067 lenitate
586 1016 615 1067 et
644 1006 849 1086 aequabilitate
883 1017 913 1068 et
939 1027 1016 1087 puro
1045 1011 1130 1086 quasi
1159 1008 1289 1087 quodam

113 1106 143 1158 et
166 1097 290 1157 candido
314 1114 424 1174 genere
449 1096 575 1156 dicendi.
624 1095 703 1156 Ecce
732 1096 824 1174 aliqui
851 1096 1011 1157 duritatem
1039 1106 1069 1156 et
1097 1099 1288 1158 severitatem
1304 1111 1329 1149 1⁰

113 1185 260 1265 quandam
282 1188 313 1244 in
336 1183 435 1244 verbis
459 1192 489 1243 et
512 1185 653 1244 orationis
678 1187 763 1262 quasi
785 1187 962 1245 maestitiam
987 1193 1168 1265 sequuntur3
1192 1186 1286 1263 quod-

112 1293 170 1353 que
193 1273 292 1353 paullo
316 1280 383 1332 ante
408 1272 569 1353 divisimus,
593 1280 626 1332 ut
649 1273 698 1332 alii
721 1291 833 1354 graves,
857 1273 906 1333 alii
924 1281 1039 1353 tenues,
1063 1273 1111 1333 alii
1130 1278 1290 1353 temperati

112 1362 221 1422 vellent
244 1361 347 1441 videri,
371 1369 444 1439 quot
467 1363 635 1421 orationum
659 1380 770 1439 genera
793 1379 859 1421 esse
884 1357 1020 1441 dirimo,
1043 1361 1168 1422 totidem
1191 1371 1289 1423 orato·

60 1442 62 1446 ’
112 1468 180 1511 rurn
204 1452 404 1528 reperiuntur.
1345 1515 1348 1521 Δ

56 1540 156 1624 17,54
236 1537 274 1598 Et
298 1540 437 1616 quoniam
461 1539 546 1617 coepi
567 1539 625 1597 iarn
649 1537 828 1598 cumulatius
851 1538 907 1598 hoc
932 1557 1040 1598 munus
1064 1557 1173 1617 augere
1197 1554 1326 1618 quamn

112 1645 129 1686 a
152 1635 182 1687 te
205 1626 386 1705 postulatum
406 1633 451 1685 est
469 1625 582 1686 —tihi
606 1629 685 1686 enim
707 1633 823 1687 tantum
846 1627 882 1686 de
907 1629 1048 1687 orationis
1068 1645 1178 1705 genere
1198 1646 1288 1706 quae·

104 1717 191 1775 renti
214 1714 355 1793 respondi
378 1717 467 1774 etiarn
490 1713 621 1774 breviter
645 1716 680 1775 de
704 1714 880 1775 inveniendo
909 1723 939 1775 et
968 1714 1139 1775 collocando
1166 1749 1221 1796 —,
1250 1736 1287 1778 ne

112 1821 192 1863 nunc
216 1802 336 1880 quidem
361 1801 456 1862 solum
486 1802 522 1862 de
552 1805 693 1862 orationis
721 1803 809 1862 modo
838 1802 947 1884 dicam,
976 1804 1029 1863 sed
1057 1805 1144 1863 etiarn
1174 1805 1211 1864 de
1240 1825 1288 1865 ac-

112 1894 215 1972 tionis3
247 1894 288 1951 ita
320 1894 530 1969 praetermissa
562 1909 630 1969 pars
663 1889 744 1951 nulla
776 1894 846 1971 erit,
884 1892 1129 1970 quandoquidem,
1156 1893 1193 1953 de
1226 1912 1287 1954 rne-

112 1982 205 2040 moria
228 1979 303 2039 nihil
328 1988 374 2039 est
396 1979 452 2039 hoc
476 1979 541 2038 loco
565 1978 737 2061 dicendum,
767 1997 841 2057 quae
866 1983 1032 2040 communis
1055 1988 1102 2040 est
1124 1980 1287 2042 multarum
1301 2001 1327 2039 so

111 2071 228 2128 artium.

52 2173 91 2222 55
201 2156 266 2226 Quo
290 2156 377 2216 rnodo
401 2164 500 2216 autern
524 2156 647 2236 dicatur,
676 2156 706 2215 id
730 2158 830 2216 estin
853 2155 984 2238 duobus,
1012 2159 1043 2216 in
1066 2158 1179 2235 agendo
1204 2161 1288 2218 etin

111 2245 286 2324 eloquendo.
341 2243 395 2304 Est
428 2247 506 2303 enirn
538 2247 614 2304 actio
648 2247 733 2322 quasi
765 2247 900 2323 corporis
933 2245 1077 2324 quaedam
1109 2245 1288 2329 eloquentia,

726 2397 815 2451 druclr
841 2397 896 2451 von
919 2397 969 2451 der
990 2397 1132 2468 Kleidung
1158 2399 1289 2467 entlehnt

725 2468 782 2522 und
807 2467 937 2538 figiirlioh
965 2467 1016 2521 auf
1039 2468 1089 2523 das
1122 2467 1287 2525 stilistische

710 2539 827 2593 'Gabiet
844 2539 1014 2608 tibertmgen
1032 2537 1077 2607 ist,
1095 2539 1149 2594 wie
1163 2540 1287 2594 hernach

726 2609 806 2678 quasi
820 2608 1001 2673 maestitiam,
1015 2625 1112 2680 wegen
1126 2611 1286 2666 derUeber·

147 2406 170 2454 1.
202 2398 292 2466 ipsius
323 2398 458 2452 erationis
487 2397 537 2450 des
564 2395 671 2466 cigent-

109 2468 216 2536 liehen‚
241 2468 435 2538 sprachlichen
458 2467 670 2536 duodennis,

107 2540 188 2607 Stils,
206 2539 256 2593 der
274 2538 395 2594 elocutio
415 2545 457 2593 54.

146 2618 171 2666 2.
191 2615 271 2679 atque
289 2629 310 2664 a.
329 2628 362 2664 zu
381 2615 395 2675 ξ
414 2616 456 2666 49.

145 2689 170 2738 3.
190 2681 319 2748 {terribilis
342 2681 376 2734 de
401 2697 438 2734 or.
458 2681 509 2748 ΙΙΙ,
530 2687 580 2734 176
600 2679 672 2733 nihil

107 2756 153 2808 est
171 2755 232 2807 tam
248 2756 375 2806 tenerum
399 2767 489 2818 neque
512 2752 572 2804 tam
595 2750 670 2804 flexi·

109 2823 166 2878 bile
184 2838 275 2890 neque
294 2822 370 2889 quod
391 2823 452 2874 tam
469 2820 553 2874 facile
572 2837 670 2888 sequa·

109 2898 164 2960 tur,
178 2909 353 2962 quocumque
368 2891 462 2959 ducas,
473 2907 557 2961 quam
572 2891 669 2945 oratio.

109 2965 187 3019 Brut.
207 2969 268 3019 274.

144 3042 169 3090 4.
202 3036 355 3089 uoluntates
379 3032 572 3102 Richtungen,
604 3032 670 3086 Nei-

109 3123 222 3176 gungen
240 3106 316 3159 Brut.
337 3111 370 3159 83
399 3121 461 3158 cum
488 3104 545 3158 sint
571 3104 601 3157 in
629 3104 669 3158 di-

109 3177 196 3232 cendo
215 3177 310 3230 variae
328 3175 486 3229 voluntates
511 3175 545 3228 de
565 3192 603 3229 or.
622 3174 670 3242 Ill,

146 3325 170 3374 6.
194 3318 326 3372 distincta
349 3321 375 3370 et
392 3317 569 3384 interpuncta
586 3317 669 3370 inter-

105 3391 184 3444 valla
195 3386 471 3457 ‚merklich(hdrbar)
481 3387 670 3456 engebrachte

110 3460 168 3514 und
178 3459 339 3528 eingeliigte
349 3458 588 3512 Zwischenrtume
603 3457 671 3512 oder

103 3528 304 3596 Einsehnitte‘‚
323 3547 345 3582 s.
363 3528 421 3582 ind.
435 3527 592 3583 intervalla.
616 3529 670 3582 Da-

13 3628 17 3634 ·
56 3606 60 3613 '
110 3602 199 3656 durch
222 3599 293 3654 wird
311 3600 381 3654 eben
400 3599 501 3653 flumen
520 3600 669 3654 verborum

44 3706 47 3711 »
109 3675 271 3728 momentan
297 3671 503 3725 untorbrochen
526 3672 612 3738 (228);
641 3687 671 3724 es

109 3744 256 3799 enucehan
287 3742 333 3796 die
355 3742 431 3796 κῶλα
454 3741 513 3796 und
538 3735 670 3810 κόμματα

84 3819 175 3879 ’223ς
216 3829 308 3866 naorae
342 3814 589 3882 respirationesque
624 3811 670 3866 die

109 3885 219 3938 Pausen
237 3882 294 3936 und
312 3883 502 3952 Ruhepunkie
524 3886 582 3952 (um
604 3882 669 3938 wie·

108 3957 160 4011 der
177 3955 261 4009 Atem
280 3971 315 4006 zu
336 3955 430 4023 holan)
456 3953 593 4008 zwischen
617 3954 671 4007 den

107 4025 256 4082 einzelnen
268 4023 470 4093 Satzgliedern.

147 4104 170 4152 7.
189 4093 316 4166 qnid?—
327 4100 417 4149 tanen
434 4095 487 4149 wie
506 4099 530 4160 §-
550 4101 592 4150 34.

146 4174 171 4222 8.
191 4167 321 4222 excellens
338 4165 392 4219 wie
410 4184 432 4220 a.
446 4165 477 4218 B.
497 4165 543 4220 bei
557 4165 671 4220 Crassus

109 4239 150 4292 im
174 4238 321 4294 Gebrauch
344 4237 394 4291 der
418 4235 495 4290 neila
520 4236 578 4290 und
602 4231 671 4306 κόμ-

107 4328 185 4379 ματα
205 4315 265 4363 223.

147 4387 171 4434 9.
187 4396 261 4447 puro
280 4381 361 4448 quusi
379 4380 431 4434 etc.
450 4377 515 4433 weil
532 4379 582 4434 der
599 4380 670 4432 Aus-

724 2681 848 2750 tragung
869 2696 936 2733 vom
954 2679 1099 2735 eihisehen
1119 2681 1221 2736 Gebiet
1238 2682 1290 2736 auf

726 2750 776 2804 das
794 2749 973 2805 rhetorische.

762 2828 803 2875 10.
823 2821 896 2875 Ecce
910 2827 952 2874 30.
971 2826 1124 2890 sequuntur
1142 2828 1167 2876 4.

761 2898 803 2946 11.
828 2893 951 2961 quodue
969 2893 1021 2946 etc.
1045 2892 1111 2960 ,und
1134 2893 1206 2946 anch
1230 2911 1287 2949 was

724 2979 824 3018 umere
847 2961 930 3031 abige
948 2963 1032 3032 (20f.)
1051 2962 1216 3035 Einieilung
1238 2965 1287 3019 be·

723 3033 803 3100 crint,
822 3034 867 3088 die
886 3033 972 3088 dahin
991 3033 1081 3100 zielte,
1101 3034 1174 3089 dass‘
1189 3037 1286 3091 ote.-

724 3121 755 3159 so
778 3105 835 3159 viel
857 3103 1053 3159 versehiedene
1073 3105 1287 3176 Stilgattungen

725 3175 776 3229 wir
794 3175 944 3245 angeftihrt
955 3175 1063 3243 haben,
1083 3193 1113 3231 so
1132 3175 1286 3232 rielhrten

723 3263 780 3302 von
796 3246 925 3300 Rednern
944 3245 1006 3313 gibt
1023 3263 1053 3301 es
1065 3247 1154 3302 —ein
1167 3247 1287 3303 'freierer

724 3317 871 3372 Gabrauch
886 3316 1077 3384 desRelatim,
1096 3317 1149 3372 wie
1167 3316 1219 3371 wir
1236 3317 1286 3372 ihn

724 3388 839 3442 ahnlich
857 3388 929 3442 auch
946 3387 1040 3442 haben
1063 3388 1098 3443 de
1121 3388 1284 3456 arfinan

724 3461 757 3513 ut
770 3460 832 3513 ium
846 3475 947 3528 graves
962 3477 1065 3526 sumus,
1083 3460 1146 3512 tum
1160 3459 1285 3528 subtiles,

724 3530 786 3583 turn
804 3529 928 3601 medium
941 3529 1075 3597 quiddam
1089 3538 1225 3598 tenemus,
1244 3530 1286 3586 sie

724 3600 882 3655 institutam
891 3604 1032 3654 ''nostram
1055 3601 1224 3656 sententiam
1243 3617 1286 3656 se-

725 3671 820 3740 quitur
838 3672 973 3725 orationis
990 3687 1083 3740 qenus.

759 3777 832 3831 Von
849 3777 910 3830 der
928 3777 1018 3831 aetio
1038 3782 1262 3846 17‚54-1a‚60.

761 3888 802 3938 15.
830 3883 880 3938 hee
905 3899 1006 3936 munus
1032 3883 1078 3936 die
1104 3883 1285 3952 vorliegende

724 3953 865 4023 Auigsb03
899 3955 1066 4008 cumulatius
1098 3970 1197 4024 araque
1228 3954 1286 4009 viel

724 4025 814 4079 hoher
845 4023 981 4094 emigrem,
1013 4024 1071 4080 viel
1100 4025 1197 4080 weiter
1222 4041 1285 4079 aus·

725 4095 843 4150 dehnen.

761 4171 803 4219 16.
823 4166 855 4219 de
873 4165 1008 4220 orationis
1025 4183 1119 4236 qenere
1138 4171 1183 4223 62.

760 4241 803 4290 23.
831 4236 903 4290 aetio
929 4236 964 4290 de
990 4254 1028 4294 or.
1052 4237 1073 4307 1,
1094 4241 1137 4292 18.
1160 4236 1212 4305 ΠΙ,
1233 4243 1285 4291 222

725 4309 769 4362 est
785 4306 859 4361 nolio
878 4306 960 4375 quasi
974 4323 1063 4362 sermo
1079 4306 1210 4377 corporis,
1229 4323 1284 4376 quo

725 4376 815 4447 magis
833 4378 922 4432 menti
941 4395 1095 4449 congruens
1113 4394 1172 4433 esse
1192 4378 1285 4433 debet.
