2760 4740
478 144 727 212 ERKLKRENDE
747 156 903 214 INDICES.

98 314 352 386 Sprachgebraucb
383 313 477 369 bisher
512 314 584 369 ohne
614 315 665 370 Be·

98 386 213 442 denksn
235 385 372 456 geduldet
393 385 481 441 hatte.
523 384 561 440 So
584 386 664 442 hatte

99 474 168 512 man
186 458 271 511 unter
289 457 395 511 andern
414 455 509 511 bisher
523 472 595 526 gans
612 456 664 511 all·

97 543 212 654 mss
228 527 663 681 susspensus:

97 672 207 724 nanten
224 667 307 723 keino
321 669 449 724 Posrtron
468 686 503 722 su
520 667 663 723 bewrrken

98 739 237 806 brouch03
255 739 301 794 die
319 755 440 795 neueren
453 738 569 794 Dichter
587 741 663 821 (poe

98 816 148 867 tae
181 809 261 879 novi,
293 810 347 864 wie
379 811 420 866 sie
451 809 508 865 (iio.
540 809 663 865 iromsclr

98 884 197 949 neunt,
217 882 281 950 161)
298 881 421 936 nahmen
439 881 527 935 daran
544 880 663 934 Austoss

98 953 159 1008 und
176 951 334 1006 verwerisn
351 951 411 1006 dies
430 951 472 1006 als
490 950 572 1006 einen
589 950 662 1006 Feh-

98 1024 142 1078 ler
162 1039 257 1147 {egen
285 1021 331 1076 die
356 1021 464 1092 Regeln
491 1021 542 1077 der
564 1019 661 1076 Gram-

97 1094 170 1148 matr
193 1135 199 1147 .

135 1197 266 1255 Habitus
295 1199 363 1254 oder
387 1198 488 1253 Avitus
514 1217 536 1255 s.
562 1198 662 1254 Cluen-

98 1270 167 1327 tius.

136 1338 283 1409 noscens
294 1345 428 1410 216130,
447 1357 498 1395 aus
508 1339 661 1410 Magnesia,

97 1413 150 1468 der
168 1410 312 1481 Biograpb
329 1410 501 1466 Alexanders
519 1411 569 1466 des
579 1411 662 1468 Gros-

99 1500 151 1539 seu
183 1482 257 1537 uach
289 1480 390 1538 Strabo
415 1481 481 1536 XIV
505 1499 533 1551 p.
560 1487 612 1537 648
644 1475 660 1537 ὁ

97 1549 192 1625 §citou
216 1545 252 1615 ὃς
271 1542 338 1620 ἦρξε
361 1546 481 1622 μάλιστα
503 1552 554 1607 τοῦ
575 1547 661 1606 ’Λαια-

97 1624 152 1680 νοῦ
170 1620 326 1693 λεγομένου
344 1617 446 1677 στύλον
457 1623 662 1692 ααηαφθείηας

97 1691 131 1751 τὸ
164 1689 342 1761 καθεστηκὸς
374 1691 444 1757 ἔθος
473 1689 507 1748 τὸ
532 1688 660 1749 Ἀττικόν.

97 1766 181 1823 Noch
203 1763 292 1820 nahor
309 1763 443 1820 schildert
460 1763 535 1819 seina
553 1763 662 1819 Manier

96 1836 213 1906 Dionys.
244 1833 335 1891 Hauc.
365 1835 400 1890 de
428 1851 551 1904 compos.
585 1834 661 1890 verb.

97 1914 148 1964 oi
162 1901 333 1977 Ἡγησιακὸν
350 1900 382 1960 τὸ
402 1904 494 1976 σχῆμα
512 1905 597 1961 τοῦτο
608 1906 659 1974 της

96 1975 262 2038 συνθέσεως
297 1972 506 2047 μικρόκομψον,
548 1970 659 2064 ᾇηενὲς,

97 2042 250 2120 μαλθακόν
268 2047 325 2102 und
343 2046 523 2104 weitero.18
542 2067 582 2101 αν
601 2042 659 2101 ἔστι

95 2115 208 2190 πρῶτός
225 2137 256 2173 τε
275 2117 324 2172 καὶ
337 2121 498 2181 τελευταῖος
511 2118 561 2172 καὶ
575 2118 659 2188 μέσος

95 2185 244 2277 ὄΜσὶηνης
263 2185 397 2258 σοφιστὴς
411 2183 551 2258 Ἡγησίας,
570 2180 659 2259 οὗτος

98 2292 134 2303 -
153 2279 207 2316 οακ
225 2254 295 2328 oie’,
316 2253 361 2313 ὅτι
380 2254 432 2329 χρὴ
452 2254 660 2329 siresa-uiss-

96 2351 150 2401 ρον
168 2326 290 2398 τοσαύτη
318 2330 383 2417 usqi
408 2324 498 2386 αὐτὸν
522 2321 560 2400 ἦν
578 2325 661 2384 ἄναι-

96 2404 205 2471 σθησία
224 2401 274 2455 καλ
290 2419 427 2471 euzotus,
446 2395 516 2456 ὅστε
536 2397 573 2471 μὴ
593 2419 659 2487 σονς

95 2474 184 2542 occis,
225 2466 328 2534 οἵτινές
365 2470 436 2527 εἰσιν
477 2466 604 2542 εὖγενοῖς
640 2491 659 2540 η

93 2541 218 2615 doesnel,
241 2535 260 2611 ἢ
278 2537 401 2611 τοσαύτη
418 2537 593 2616 θεοβλάβεια
610 2542 660 2596 καὶ

93 2611 248 2683 διαφθορὰ
265 2613 323 2668 esis
336 2612 460 2684 φρενῶν,
479 2606 547 2669 ὅστ’
563 2609 659 2668 εἰδότα

94 2682 165 2748 τοὺς
197 2683 354 2752 κρείττους,
383 2681 482 2739 ἔπειτα
513 2681 660 2754 αἱρεῖσθαι

94 2752 165 2818 τούς
179 2755 316 2839 ηαζρονας,
334 2749 350 2808 ὃ
369 2754 419 2808 καλ
437 2754 542 2825 μᾶλλον
560 2756 659 2810 πείθο-

94 2825 661 2978 ἵλλλοξθῖοιθλᾶὶορᾝοᾭῗΖλξῗιξοοὲοζ

95 2969 156 3056 und
173 2967 364 3034 Kleinlichen,
391 2966 444 3050 ysie
461 2967 522 3021 Lon
596 2966 661 3050 {¹⁸⁰2

95 3045 241 3167 ἓλλιοίλιλιολι,
253 3037 517 3196 οἱλςλξῃτλλλῖηοιλῃ
531 3053 660 3194 &euge

94 3180 223 3236 docetis
240 3179 395 3242 δοκοῦντες
417 3199 452 3234 ον
472 3180 660 3250 βακχσνοασιν

96 3246 167 3306 ἄλλα
186 3252 341 3316 παίζουσιν.
375 3249 480 3306 Diesen
493 3249 661 3305 serstiickel·

95 3325 158 3391 ten,
186 3321 326 3391 psendorh
379 3321 504 3377 mischsn
529 3319 661 3389 Satsbsu,

95 3410 133 3449 an
152 3393 218 3449 dem
240 3408 297 3446 von
334 3409 380 3447 em
398 3391 587 3462 grossafflgen
605 3390 659 3446 De·

95 3462 325 3520 mosthsniscbsn
354 3462 550 3518 Periodenbau
587 3462 660 3517 auch

94 3535 177 3590 nicht
194 3534 274 3588 mehr
292 3534 356 3588 eins
374 3533 447 3603 spur
465 3550 500 3587 au
518 3533 659 3589 erkeunen

94 3623 166 3732 ses
181 3603 659 3744 teiiiuuiuiutbtidi

95 3763 158 3804 osse
176 3745 285 3814 similis,
302 3745 383 3815 isque
402 3762 431 3801 ss
449 3745 492 3800 its
509 3747 593 3814 putat
605 3746 658 3800 Ae

93 3820 194 3884 ticum,
213 3819 246 3871 ut
262 3832 343 3872 veros
361 3815 426 3872 illos
443 3831 512 3886 pras
526 3833 556 3871 se
568 3832 658 3887 paene

93 3893 223 4015 eur
240 3889 330 4012 uu
352 3887 506 4014 uu

223 4000 230 4026 l
497 3998 506 4024 5

94 4031 658 4186 sucessuum

94 4189 122 4242 p.
148 4177 200 4227 169
229 4175 272 4237 (71
297 4170 429 4241 Spengel)
453 4167 549 4225 τισλντα
576 4172 658 4225 dede-

94 4261 201 4298 σκοντα
220 4237 250 4308 ἐξ
269 4235 310 4295 ὧν
332 4235 537 4310 διαφεύξονται
555 4237 587 4295 τὸ
606 4261 657 4295 κα-

93 4314 154 4377 κῶς
172 4312 339 4368 συντιθέναι
356 4312 406 4366 καὶ
424 4307 544 4383 μάλιστα
556 4309 589 4367 dl
604 4308 634 4366 τ’

95 4383 235 4455 ἔμμετρον
257 4382 307 4437 καὶ
332 4380 478 4453 ἔνρυθμον
503 4382 593 4452 λέξιν,
619 4331 657 4447 λζ

1215 161 1277 224 171

719 312 754 370 τὰ
773 311 862 371 πολλοὶ
880 317 936 372 τῶν
951 313 1083 387 Ἡγησίαν
1098 314 1216 390 ᾆὴιοοος
1229 321 1278 374 καὶ

717 386 774 441 τῶν
790 382 920 442 Ἀσιανῶν
942 387 1125 458 καλουμένων
1143 386 1277 461 ρητόρων.

753 475 871 530 Helene
889 482 941 532 164
960 496 982 533 s.
1000 477 1147 534 Pacuvius.

753 562 859 618 Helles
878 563 983 619 Pontus
1003 571 1063 621 163.

752 634 925 690 Herodotus
944 641 986 690 39.
1008 642 1066 692 166.
1082 643 1143 706 219,
1162 654 1212 693 aus
1220 638 1277 694 Ha-

716 703 883 761 licarnassus
914 704 944 760 in
975 705 1088 777 Karion,
1120 709 1182 779 gob.
1215 715 1277 779 484,

717 776 787 845 gest.
811 775 1044 833 wahrsoheinlich
1071 796 1119 833 um
1143 784 1205 835 408.
1242 781 1276 836 de

717 861 756 901 or.
776 846 815 913 ΙΙ,
835 851 878 903 bb.
912 844 1006 912 Quint
1024 847 1064 916 X,
1083 855 1112 918 1,
1131 856 1165 905 73
1188 850 1276 908 histo·

716 915 788 970 riam
807 916 962 973 multisoni
983 935 1043 974 sere
1056 921 1208 989 praeclare,
1227 923 1276 978 ssd

715 1003 798 1042 nemo
828 986 941 1044 dubitat
961 936 1052 1060 longe
1078 990 1147 1046 duos
1176 993 1276 1049 ceteris

711 1057 1275 1202 musculorumue

716 1201 821 1253 secuta.
845 1201 954 1254 Densus
968 1204 999 1256 et
1015 1202 1108 1257 brevis
1128 1206 1157 1259 et
1173 1221 1277 1274 seraper

715 1271 825 1325 instans
843 1271 897 1325 sebi
921 1270 985 1339 (wie
1004 1290 1067 1327 zum
1085 1274 1200 1344 Angriff
1213 1293 1275 1332 sor-

715 1341 801 1395 wtrts
819 1339 922 1411 silend)
943 1341 1124 1413 lbocydides,
1142 1345 1232 1401 dulcis
1247 1349 1276 1402 et

716 1410 851 1466 candidus
878 1416 907 1467 et
933 1412 1010 1468 fusus
1028 1414 1201 1483 Herodotum
1226 1417 1276 1473 ills

715 1483 868 1548 coemtots's,
899 1483 946 1537 hic
978 1486 1098 1540 remissis
1130 1486 1276 1543 affectibus

715 1551 823 1622 melior,
851 1553 903 1608 ille
929 1553 1121 1626 contionibus,
1148 1557 1194 1613 hic
1220 1577 1276 1614 ser-

714 1623 854 1694 monibus,
872 1623 921 1678 ille
939 1625 977 1692 ei,
995 1625 1041 1681 hic
1058 1628 1204 1698 uoluptate.
1229 1631 1276 1698 IX,

715 1700 742 1763 4,
761 1700 795 1749 16
813 1694 855 1749 ita
873 1693 931 1750 illis
949 1712 1060 1766 quoque
1078 1697 1178 1767 priscis
1197 1701 1277 1756 habi·

715 1766 775 1819 tam
797 1763 872 1820 inter
897 1782 978 1821 curas
1001 1769 1214 1838 (compositionis
1232 1789 1276 1826 er-

714 1837 797 1904 tem);
817 1867 850 1876 -
869 1851 960 1905 neque
982 1838 1058 1892 enim
1080 1840 1152 1895 mihi
1177 1858 1276 1911 quam-

712 1906 784 1961 libet
802 1923 920 1976 magnus
938 1911 1037 1963 auctor
1048 1908 1145 1966 Cicero
1163 1928 1275 1980 persua-

713 1976 789 2042 serit,
812 1977 933 2047 Lysiam,
961 1979 1139 2049 Herodotum,
1152 1982 1276 2054 ‘Thucy-

712 2049 802 2103 didem
857 2065 919 2102 rum
938 2048 1077 2105 studiosos
1095 2051 1156 2106 sius
1173 2052 1274 2119 fuisse3

712 2134 801 2188 genus
831 2120 938 2173 ortasse
956 2121 1014 2176 sint
1027 2123 1117 2177 secuti
1130 2123 1274 2179 nonidem

714 2189 791 2258 quod
815 2189 1019 2246 Demosthenes
1048 2194 1097 2247 aut
1123 2194 1220 2261 Pluto,
1239 2226 1273 2235 —

714 2263 744 2314 st
760 2259 906 2329 historiae,
924 2277 998 2329 quae
1017 2278 1127 2318 currere
1142 2263 1227 2320 debet
1241 2282 1274 2321 ac

713 2330 788 2399 ferri,
802 2331 894 2385 minus
908 2332 1105 2390 convenissent
1113 2333 1275 2392 insistentes

714 2400 854 2456 clausulae
878 2403 908 2457 et
934 2403 1031 2459 debita
1057 2404 1215 2461 actionibus
1233 2423 1275 2462 re·

713 2470 829 2541 spiratio
848 2475 878 2527 st
896 2473 1045 2529 claudendi
1067 2475 1275 2547 inchoandique

712 2542 867 2598 sententias
902 2542 988 2612 ratim
1028 2544 1058 2600 in
1100 2547 1275 2604 contionibus

714 2612 828 2683 quidem
861 2613 948 2668 stium
979 2614 1109 2671 similiter
1144 2618 1275 2674 cadentia

712 2684 854 2809 guiredum
868 2687 898 2739 et
911 2687 1105 2756 contraposita
1121 2688 1274 2758 depreben-

732 2771 771 2810 as.
808 2755 841 2810 In
854 2755 995 2812 Herodoto
1012 2774 1079 2813 sero
1097 2775 1162 2813 eum
1180 2760 1275 2815 omnia

713 2825 816 2880 leniter
833 2826 936 2898 fluunt,
962 2829 1025 2882 tum
1048 2827 1111 2899 ipsu
1128 2826 1274 2894 dedituros·

714 2897 802 2951 habet
819 2913 882 2952 eam
901 2897 1115 2969 iucunditatem,
1138 2903 1171 2956 ut
1188 2903 1274 2957 iuteo

714 2972 753 3022 tes
769 2967 800 3021 in
818 2984 848 3022 se
870 2985 998 3024 κανασνοο
1020 2973 1160 3041 compleas
1182 2973 1273 3028 eidec-

714 3043 768 3094 tar.

750 3107 908 3165 Hierocles
941 3116 1002 3177 281,
1034 3127 1084 3165 sus
1116 3111 1272 3183 Alabanda,

715 3183 810 3249 spdter
826 3179 856 3235 in
870 3180 993 3236 Rhodus.
1013 3181 1151 3238 Bruuses
1169 3200 1274 3255 genera

713 3248 856 3306 Asiaticae
874 3251 1006 3307 dictionis
1020 3252 1076 3308 duo
1090 3255 1167 3308 sunt:
1186 3273 1273 3310 unum

713 3321 915 3377 sententiosum
929 3325 960 3378 et
972 3325 1112 3393 argutum,
1127 3325 1274 3381 sententiis

712 3407 769 3446 non
787 3394 848 3446 tam
866 3393 999 3463 gravibus
1018 3395 1047 3448 et
1064 3395 1169 3451 severis
1187 3412 1273 3464 quam

713 3461 856 3518 concinnis
875 3465 905 3518 et
921 3464 1056 3533 venustis,
1080 3465 1171 3548 qualis
1191 3497 1225 3507 -—
1243 3467 1274 3522 in

712 3533 831 3588 diceudo
854 3563 887 3573 -
910 3534 1005 3603 pueris
1028 3536 1108 3590 nobss
1130 3537 1273 3593 Hierocles

712 3603 901 3672 Alabandeus,
919 3605 1010 3675 magis
1028 3605 1115 3661 stiam
1133 3607 1272 3663 Menecles

712 3674 799 3730 irater
816 3674 876 3730 eius
895 3674 965 3746 fuit,
986 3692 1104 3745 quorum
1127 3677 1274 3748 utriusque

713 3745 939 3800 orationessunt
964 3745 994 3801 iu
1021 3746 1120 3817 primis
1143 3750 1176 3803 ut
1193 3748 1273 3804 Asia·

710 3817 769 3872 tico
786 3815 818 3870 in
834 3831 936 3887 genem
954 3817 1120 3873 laudabiles.
1139 3819 1222 3875 deor.
1238 3821 1273 3886 II,

712 3892 747 3942 66
765 3887 849 3943 hodie
868 3888 941 3956 (ums
948 3887 974 3945 J.
984 3891 1030 3957 60)
1049 3889 1273 3946 Alabandensem

711 3957 792 4012 illum
818 3958 974 4014 Meneclem
1006 3961 1035 4014 et
1066 3959 1126 4015 eius
1156 3961 1273 4016 fratrem

711 4028 872 4084 Hieroclem
880 4029 1161 4086 totaimitaturAsia.
1181 4032 1271 4088 Strab.

711 4098 785 4168 XIV,
805 4106 831 4169 2,
848 4106 884 4155 26
906 4117 934 4171 p.
954 4107 1004 4156 661
1029 4096 1132 4168 ἄνδρες
1154 4097 1191 4185 δ’Ι
1210 4097 1272 4170 ἕνέ-

710 4188 795 4224 νοντσ
830 4164 916 4239 λόγον
953 4167 1029 4239 ἄξιοι
1065 4167 1136 4228 δύο»
1156 4169 1272 4242 ῥητορες

711 4236 832 4309 ἀδελφοὶ
857 4239 1042 4312 Ἄλαβανδεῖς,
1067 4243 1216 4311 Μενεκλῆς
1240 4261 1270 4298 τε

711 4341 746 4352 -
764 4306 973 4382 καλἹεοοκλῆς.

746 4382 951 4452 Hieronymus
982 4389 1051 4451 166,
1077 4399 1134 4435 aus
1155 4383 1289 4433 *nucum
