2760 4740
530 133 679 188 ORATOR
699 139 740 189 11.
760 139 874 189 ao-er.
1248 136 1291 200 49
1357 151 1358 154 ’

111 321 181 364 mea
211 304 340 381 recepti3
367 303 399 361 in
427 319 486 379 quo
515 309 614 360 tamen
643 299 745 359 iudioii
772 301 868 359 nostri
898 317 1031 360 errorem
1058 300 1122 361 laus
1150 301 1204 361 tibi
1232 301 1292 363 dati

114 393 253 454 muneris
276 387 489 468 compensabit.

209 477 268 539 Sed
292 480 322 538 in
347 479 428 538 omni
451 495 483 537 re
512 474 717 537 difficillimum
740 484 786 536 est
814 477 951 555 formam,
979 479 1031 556 qui
1054 470 1220 557 χαρακτήρ
1238 476 1290 545 ,11
1311 492 1352 541 36·

118 569 232 629 Graece
257 566 376 647 dicitur,
401 583 549 644 exponere
573 567 685 646 optimi,
709 564 789 642 quod
813 564 891 625 aliud
916 565 980 625 aliis
1003 566 1120 626 videtur
1139 569 1292 646 optimum.

87 656 219 716 slinnio
243 654 384 735 delector,
412 656 452 714 ait
475 655 630 733 quispiam,
659 654 738 732 quod
761 672 822 713 non
845 653 970 714 discedit
998 673 1014 713 a
1037 658 1187 717 communi
1210 674 1293 716 more

118 743 295 823 verborum3
318 742 455 823 Pacuvio,
479 743 576 821 iuquit
599 741 683 822 alius,
710 760 813 802 omnes
838 742 916 821 apud
939 743 1019 803 huno
1043 746 1141 804 ornati
1163 744 1294 805 elabora·

119 836 204 912 tique
234 841 304 893 sunt
332 849 449 912 versus,
482 830 574 891 multa
607 830 685 908 apud
717 830 843 891 alterum
875 830 1094 911 neglegentium
1128 833 1172 892 sao
1205 832 1295 894 alium

120 923 226 1002 Aooi03
249 922 329 981 varia
348 921 428 979 enim
446 927 516 980 sunt
535 919 652 999 iudicia,
676 926 708 980 ut
732 922 762 980 in
783 918 911 995 Graecis,
935 938 990 980 neo
1014 921 1107 981 iaoilis
1131 920 1296 1000 explicatio,

121 1028 198 1091 quae
233 1009 328 1069 forma
361 1010 486 1068 maxime
519 1007 651 1068 excellat.
705 1008 739 1067 ln
771 1010 897 1086 pioturis
929 1007 1001 1068 alios
1033 1009 1154 1069 horrida
1185 1010 1297 1071 inculta

80 1112 109 1151 1⁰
123 1116 228 1179 opaca,⁴
248 1105 353 1159 eontra
376 1096 448 1156 alios
471 1096 564 1157 nitida
587 1095 662 1157 laeta
686 1096 856 1157 collustrata
881 1096 1041 1158 delectant:
1065 1097 1136 1176 quid
1160 1107 1215 1179 est,
1238 1116 1297 1176 quo

121 1188 342 1268 praescriptum
366 1185 485 1265 aliquod
508 1192 559 1246 aut
582 1184 739 1245 formulam
763 1178 919 1266 exprimas
943 1204 1011 1246 oum
1029 1188 1133 1246 insuo
1157 1186 1296 1265 quodque

122 1292 234 1354 genere
257 1282 389 1354 praestet
413 1282 442 1334 et
465 1292 574 1352 genera
596 1272 682 1352 plura
705 1269 786 1334 sint?
818 1273 878 1333 Hae
902 1292 956 1353 ego
980 1274 1122 1353 religione
1147 1293 1206 1334 nou
1230 1293 1298 1334 sum

123 1364 159 1423 ab
183 1363 241 1423 hoo
265 1371 374 1423 oonatu
396 1362 536 1441 repulsus
560 1364 782 1441 existimavique
810 1365 841 1422 in
868 1362 1006 1423 omnihus
1033 1363 1124 1424 rebus
1153 1382 1218 1424 esse
1247 1362 1297 1423 ali-

123 1452 196 1532 quid
220 1453 379 1532 optimum,
412 1453 528 1511 etiamsi
554 1450 672 1532 lateret,
704 1450 793 1528 idque
823 1451 858 1511 ab
887 1470 922 1511 eo
946 1470 1048 1532 posse,
1082 1454 1133 1530 qui
1161 1454 1226 1512 eius
1253 1453 1298 1512 rei

88 1555 112 1595 15
126 1558 239 1620 guarus
264 1548 352 1619 esset,
366 1540 507 1600 iudicari.

214 1627 274 1687 Sed
298 1631 438 1706 quoniam
460 1627 546 1706 plura
570 1637 639 1688 sunt
662 1630 829 1688 orationum
853 1645 962 1706 genera
986 1647 1079 1708 eaque
1108 1629 1223 1689 diversa
1246 1645 1297 1688 ne·
1317 1643 1353 1692 3‘1

123 1736 184 1796 que
209 1719 241 1776 iu
264 1734 355 1776 unam
378 1717 503 1776 formam
527 1715 636 1778 eadunt
659 1719 765 1798 omnia,
789 1716 990 1779 laudationum
1010 1726 1040 1777 et
1058 1717 1250 1779 historiarum
1269 1724 1299 1777 et

161 1911 186 1958 1.
229 1905 330 1958 iodieii
364 1905 453 1959 nostri
480 1920 595 1959 errorem
632 1907 684 1960 ete.
739 1905 997 1960 hendeVorsohrift
1015 1905 1172 1972 aussiellen,
1190 1903 1243 1959 wie
1260 1899 1329 1958 sie'

123 1977 152 2030 d.
171 1976 199 2029 h.
224 1976 274 2029 der
292 1975 392 2040 Tadu,
416 1976 480 2029 dem
503 1975 565 2030 eine
582 1976 685 2030 Ueber-
740 1977 794 2030 den
826 1976 1087 2031 formell-iixierten
1119 1975 1302 2046 juristisohen

125 2048 283 2115 aohiteung
300 2046 406 2100 meinos
423 2045 686 2116 geistigenVermd-
739 2046 970 2116 Bestimmungen
997 2047 1079 2116 eigen
1102 2046 1152 2116 ist,
1181 2062 1225 2100 wo
1255 2045 1301 2100 die

124 2135 196 2188 gens
216 2116 324 2185 (iudicii
342 2119 473 2186 errorem)
492 2121 567 2171 etwe
584 2118 685 2188 hogeg·
740 2117 991 2188 Rechtsgiltigkeit
1021 2118 1097 2173 eines
1128 2118 1212 2172 Aetes
1230 2132 1301 2171 .von

123 2205 183 2242 neu
207 2205 286 2256 meg,
317 2187 387 2242 wird
416 2188 476 2242 sioh
507 2189 686 2258 ausgleiohen
741 2189 790 2244 der
815 2191 945 2258 strengen
968 2189 1143 2259 Einhaltung
1168 2188 1226 2243 und
1248 2188 1302 2242 Be-

127 2257 291 2327 (euilreben)
303 2259 391 2312 duroh
402 2259 528 2327 dusLob,
547 2260 597 2313 dos
611 2261 687 2315 mein
727 2260 903 2329 obaehtung
925 2260 975 2314 der
997 2277 1089 2329 genae
1111 2257 1301 2329 vorgesohrie·

126 2332 211 2400 guter
233 2330 319 2383 Wille
344 2329 388 2383 dir
412 2347 447 2384 zu
471 2330 572 2385 dienen
596 2331 690 2384 finden
743 2330 1300 2401 benenrormelabhangigistao.Brut.

125 2400 206 2454 wird.
259 2400 397 2455 dehulieh
428 2402 478 2457 der
509 2400 643 2456 Godanke
674 2408 688 2467 ξ
742 2407 803 2456 275.
823 2419 884 2456 oum
902 2403 954 2456 eto.
973 2402 1009 2457 de
1027 2419 1065 2457 or.
1085 2402 1125 2456 III
1152 2408 1194 2457 34.

129 2477 183 2526 238
202 2487 227 2525 a.
247 2471 279 2524 Ε.
779 2478 821 2526 12.
839 2474 971 2540 relipe'ooe
987 2473 1049 2527 hier
1067 2445 1243 2540 ,Bedenkenfl

164 2549 189 2596 3.
221 2542 312 2608 formo
342 2543 438 2610 optimi
470 2543 515 2597 die
544 2543 609 2597 ldee
641 2543 689 2597 des
779 2547 822 2596 15.
845 2544 969 2597 iudicari
987 2543 1038 2608 ‚als
1057 2543 1164 2597 solohes
1183 2541 1303 2596 erkanut

129 2613 271 2682 Echinon,
294 2613 345 2667 das
367 2614 456 2668 worin
478 2614 538 2669 sich
556 2614 607 2668 des
624 2615 689 2668 We·
743 2614 871 2669 werden‘.
891 2631 911 2667 s.
931 2613 957 2667 d.
976 2613 1041 2668 krit
1061 2613 1188 2681 Anhang.
1235 2650 1238 2657 ·

128 2701 179 2739 sen
196 2684 246 2738 des
265 2683 393 2739 Sohdnen
411 2702 448 2738 en
467 2685 528 2739 sioh
550 2680 582 2739 τὸ
601 2682 689 2740 καλὸν
780 2690 822 2740 16.
840 2701 954 2754 peoora:
972 2684 1097 2754 gemeint
1115 2683 1178 2738 siud
1196 2682 1242 2738 die
1256 2682 1302 2738 be·

128 2749 202 2809 uad’
229 2749 300 2808 αὑτό
325 2755 427 2836 1εοὶιειτῐ
455 2756 513 2809 und
546 2757 691 2839 bestimmt
743 2756 869 2839 kpnnten
888 2762 904 2810 3
924 2771 1026 2842 genem
1043 2754 1171 2838 dicendi,
1192 2755 1244 2836 des
1262 2753 1304 2808 iu·

128 2826 694 2965 tnrnnrrnmnmmr
744 2826 1305 2969 ttiotnntrnmtlttrn

130 2967 413 3022 oharekteristisoheu
430 2968 586 3023 Merkmele
603 2969 633 3023 iu
652 2969 689 3024 ei·
746 2970 813 3024 oder
838 2963 1078 3036 ἐκκλησιαστικόν)
1102 2967 1160 3022 und
1192 2966 1304 3021 demon·

130 3055 196 3092 nem
216 3037 398 3092 Geeamtbild.
745 3039 894 3095 strativum
909 3033 1132 3108 (inritamentum
1153 3053 1238 3107 neque
1251 3038 1304 3090 eto.

165 3115 191 3162 4.
219 3108 321 3164 Graece
345 3111 398 3165 wie
422 3129 444 3162 z.
464 3111 495 3163 Β.
518 3109 636 3165 Phaedr.
662 3130 689 3180 p.
744 3110 824 3165 nieht
842 3110 908 3165 alle
927 3127 1032 3180 genere
1050 3108 1179 3176 (sondern
1193 3125 1245 3162 nur
1259 3106 1305 3161 die

127 3180 222 3248 noaB,
242 3179 287 3234 ein
301 3181 484 3250 bestimmten,
498 3181 690 3251 untrdgliohes
744 3181 846 3237 beiden
864 3184 966 3249 ersten)
988 3195 1090 3251 possen
1107 3179 1137 3234 in
1158 3179 1213 3234 den
1230 3178 1305 3233 Reh-

130 3251 328 3305 Kennzeiohen
351 3252 420 3306 oder
436 3252 575 3308 Merkmel
593 3255 689 3322 (note).
744 3269 809 3307 men
828 3252 905 3307 einer
921 3253 1014 3321 norm,
1035 3251 1128 3307 lessen
1146 3249 1206 3304 sieh
1223 3250 1306 3303 uniet

165 3328 192 3376 8.
212 3327 246 3375 ut
262 3324 294 3376 io
313 3322 426 3377 Graecis
444 3324 479 3378 de
497 3340 536 3378 or.
555 3324 604 3388 ΙΠ,
624 3329 667 3378 27.
746 3324 828 3378 einen
835 3321 1305 3392 Gesiohtspunktbringen95.118.

166 3399 192 3446 3.
211 3393 244 3446 io
256 3395 564 3462 pidwrisdeordllass
580 3393 691 3460 Quanto
747 3401 875 3453 188.191.
895 3393 930 3448 de
944 3410 982 3450 or.
995 3393 1182 3463 11,5.47.113.
1201 3392 1307 3447 eadunt

130 3464 257 3519 colorum
275 3464 485 3533 pulchritudine
506 3468 536 3521 et
553 3465 692 3520 varietate
747 3471 863 3521 93188.

130 3533 273 3589 floridiore
304 3537 369 3590 sunt
399 3536 428 3589 in
464 3536 581 3605 picturis
612 3534 693 3591 novis
784 3543 825 3591 17.
845 3536 1051 3591 laudatiorem:
1070 3532 1160 3588 demit
1174 3531 1243 3586 wird
1257 3531 1308 3585 des

130 3607 267 3675 pleraque
285 3623 369 3674 quam
392 3606 423 3660 iu
444 3608 598 3663 veteribus!
622 3622 694 3675 quoe
749 3606 832 3678 γένος
853 3601 1075 3676 ἐγκωμιαστικόν
1104 3603 1157 3672 (als
1188 3606 1308 3670 vorziig-

131 3684 227 3731 tameu
252 3676 363 3732 etiamsi
387 3678 478 3746 primo
504 3680 622 3747 aspectu
642 3694 694 3732 nos
748 3678 852 3747 liehsie
869 3678 952 3733 Form
970 3677 1020 3731 des
1039 3667 1240 3754 ἒπιᾶεικτικᾷν)
1259 3671 1309 3727 be-

130 3750 279 3819 oepermt,
316 3748 422 3804 diutius
454 3764 511 3803 non
543 3748 695 3815 delectant,
748 3748 877 3804 zeiohnet
894 3749 970 3803 Part.
989 3763 1028 3802 or.
1044 3752 1087 3800 10.
1096 3750 1137 3799 70.
1160 3743 1252 3810 Quini.
1260 3743 1308 3811 ΙΙΙ,

130 3835 197 3872 oum
215 3818 307 3873 eidem
328 3837 381 3874 uos
398 3820 428 3873 in
446 3821 572 3889 antiquis
588 3818 696 3874 tabulis
749 3825 824 3888 4,12
844 3821 888 3875 est
905 3819 915 3872 i
937 3818 1002 3888 ’tun
1019 3819 1052 3872 ut
1069 3815 1137 3884 dixi,
1156 3833 1243 3897 unum
1260 3831 1308 3884 ge-

132 3890 182 3944 illo
206 3889 267 3958 ipso
286 3890 399 3946 horrido
417 3891 599 3960 obsoletoque
617 3893 694 3945 tene-
748 3909 815 3958 uus,
838 3906 893 3959 quo
945 3909 978 3944 us
1000 3905 1035 3944 ao
1056 3887 1226 3956 vituperatio
1245 3902 1309 3941 eon-

132 3978 226 4026 emur3
245 3961 358 4016 horrido
378 3969 420 4017 20.
439 3964 547 4018 inculto
565 3968 608 4017 28.
748 3962 863 4032 linatur,
886 3962 933 4017 sed
950 3965 989 4016 est
1007 3960 1177 4030 appellatum
1195 3975 1214 4011 a
1227 3961 1310 4025 parte

170 4036 211 4084 10.
232 4032 304 4086 loeta
330 4032 382 4088 wie
406 4033 436 4087 in
460 4034 552 4089 laetae
578 4032 696 4101 segetes,
750 4034 859 4088 meliore
878 4032 1058 4088 laudativum
1078 4029 1115 4085 So
1130 4029 1164 4084 de
1179 4045 1217 4083 or.
1232 4028 1266 4092 ΙΙ,
1275 4032 1309 4079 la

131 4102 261 4171 iaohend,
281 4101 385 4170 heiter;
405 4105 440 4159 de
452 4121 491 4159 or.
500 4106 563 4175 I‚81
574 4102 696 4159 nitidum
750 4121 817 4159 nam
838 4100 910 4159 illud
932 4102 1048 4159 tertium
1071 4102 1179 4171 (genus)
1198 4128 1232 4138 -
1251 4094 1310 4150 hiu-

134 4172 275 4240 quoddam
300 4191 388 4244 genus
418 4178 462 4231 est
492 4175 643 4232 verborum
667 4175 697 4229 et
751 4174 892 4242 dationem
922 4181 964 4230 63.
987 4180 1038 4230 333
1062 4170 1214 4242 praecepte
1237 4182 1310 4235 quae

134 4243 254 4309 loetum
281 4247 349 4314 quid
370 4251 410 4301 eet
431 4262 485 4316 quo
508 4247 561 4302 eie.
598 4244 697 4300 uomit
750 4245 786 4300 de
805 4245 981 4301 suasionibus
1005 4241 1143 4299 ludenda
1166 4239 1232 4294 sunt
1260 4240 1312 4293 aut

134 4314 206 4368 litsst
224 4314 283 4370 sioh
302 4317 364 4372 eine
384 4317 512 4373 absolute
531 4316 590 4373 und
606 4315 695 4385 allge-
750 4317 785 4371 de
803 4315 1029 4380 laudationibuu
1045 4318 1109 4367 eto.
1123 4310 1206 4364 Puri„
1217 4314 1323 4361 omns.

134 4384 323 4457 meinginige,
346 4387 566 4445 anomoeorum
584 4388 697 4445 resue—
752 4388 827 4463 usp.
844 4394 882 4446 oi
901 4407 926 4445 s.
944 4388 974 4442 u.
986 4383 1063 4440 xes.
1083 4381 1219 4444 numos·
1232 4403 1268 4413 *
1285 4370 1348 4423 xa

174 4475 224 4514 010.
242 4476 366 4519 omen,
1117 4475 1140 4521 Ᾱι

157 4676 162 4683 ι
201 4676 230 4683 a.-
242 4680 248 4683 .
