2760 4740
476 157 683 220 0111101133.
704 163 851 217 133-133.
1205 159 1248 223 09

84 330 210 392 verbnm
232 345 293 390 non
315 328 418 389 eadem
441 329 587 391 sententia
608 329 744 410 ponitur,
766 335 818 389 aut
835 345 903 388 cum
922 326 1057 389 simihter
1075 328 1120 389 vel
1139 328 1250 390 cadunt

83 419 174 481 verba
197 417 244 478 vel
266 417 419 499 desinunt,
450 424 501 479 aut
523 434 592 478 aum
614 425 685 478 sunt
707 417 864 478 contrariis
886 415 978 477 relata
1005 418 1165 499 contraria,
1197 425 1250 478 aut

83 527 153 572 cum
176 506 319 588 gradatim
348 524 466 568 sursum
489 523 607 567 versum
637 505 765 586 reditum
798 513 848 566 aut
875 523 942 566 cum
966 506 1092 586 demptis
1125 508 1247 567 coniun-

81 595 233 661 ctionibus
256 595 398 657 dissolute
421 594 505 675 plura
528 594 681 675 dicuntur,
713 602 764 655 aut
790 612 858 654 cum
881 593 990 674 aliquid
1013 602 1247 677 praetereuntes,

56 699 141 750 taur
168 684 198 746 id
230 684 372 746 faciamus
403 683 598 765 ostendimus,
631 691 681 744 aut
713 701 781 744 cum
812 685 989 762 corrigimus
1021 691 1137 744 nosmet
1167 686 1248 764 ipsos

84 777 171 856 quasi
188 773 450 855 reprehendentes,
474 781 524 834 aut
546 774 572 832 si
595 780 641 833 est
664 770 760 850 eliqua
783 772 953 834 exclamatio
977 772 1022 832 vel
1045 771 1247 834 admirationis

83 865 131 926 vel
154 865 389 944 conquestionis,
421 869 471 922 aut
498 872 567 922 cum
594 860 727 922 eiusdem
754 863 882 922 nominis
909 879 995 923 casus
1023 862 1140 940 saepius
1163 879 1247 922 com-

84 959 247 1102 mutansteud
257 1041 471 1101 sententiarum
494 1045 664 1100 ornamenta
692 1041 802 1101 maiora
830 1047 911 1120 saint,
944 1037 1051 1118 quihus
1079 1041 1148 1119 quia
1176 1004 1331 1126 1131331

43 1142 71 1182 1⁰
87 1131 279 1212 quentissime
302 1127 515 1190 Demosthenes
538 1129 645 1208 utitur,
672 1134 742 1188 sunt
765 1129 816 1206 qui
838 1135 944 1207 putent
966 1127 1078 1189 idcirco
1101 1130 1165 1189 eius
1189 1127 1248 1188 elo-

85 1221 237 1300 quentiam
264 1220 388 1279 maxime
416 1235 481 1277 esse
511 1215 692 1278 laudabilem.
747 1215 784 1276 Et
815 1234 885 1276 vero
918 1215 1016 1277 nullus
1048 1216 1110 1277 lere
1143 1216 1179 1276 ab
1200 1233 1247 1276 eo

86 1371 199 1428 sfinctio
223 1372 253 1425 et
276 1369 426 1425 revocatio‘
452 1369 488 1424 ad
506 1369 569 1425 Her.
591 1369 639 1435 IV,
692 1375 739 1437 41,
761 1368 815 1423 uie
833 1368 883 1423 das
901 1369 1041 1424 bekannte
1066 1368 1138 1425 abiit
1156 1385 1249 1424 exces-

86 1449 133 1511 20,
157 1444 186 1511 8)
208 1441 345 1497 ueduata
363 1459 385 1494 a.
404 1441 437 1494 Β.
455 1456 519 1494 eum
540 1442 572 1494 tu
589 1440 638 1496 ho·
693 1439 738 1508 sit,
757 1440 847 1495 evasit
865 1439 964 1512 erupit.

84 1515 190 1570 minem
198 1512 332 1583 appellas,
351 1511 400 1580 qui
409 1509 433 1567 si
442 1511 541 1566 1111131
547 1511 639 1580 homo,
728 1511 834 1580 aliquid
851 1513 904 1567 etc.
925 1513 969 1581 11)
984 1511 1029 1567 die
1043 1512 1187 1567 occultatio
1201 1511 1248 1580 (de

84 1600 238 1653 numquam
260 1584 319 1638 tum
347 1581 497 1638 crudeliter
520 1581 639 1637 hominis
693 1598 731 1636 31.
745 1581 792 1649 III,
803 1587 854 1636 207
869 1582 1020 1638 declinatio
1028 1583 1160 1654 genennt)
1175 1597 1249 1649 ,cum

84 1657 174 1713 vitam
187 1654 312 1725 petisset.
692 1651 810 1707 dicimus
818 1669 868 1708 uos
877 1653 1028 1724 praeterire
1043 1656 1160 1709 autnon
1177 1651 1248 1707 scire

121 1735 144 1782 1.
177 1725 302 1780 3111101131
318 1725 436 1780 cadant
466 1728 500 1778 38
532 1725 560 1794 9)
590 1723 640 1778 das
693 1725 742 1778 aut
758 1722 932 1780 nolledicere
949 1725 987 1794 id,
1006 1726 1082 1794 quod
1098 1740 1172 1779 nunc
1190 1739 1248 1777 ma·

83 1792 277 1870 talamum
293 1796 433 1862 aimsliter·
445 1795 543 1850 cadens
561 1809 638 1850 exor-
691 1794 765 1850 xime
783 1795 914 1861 dicimus,
936 1796 990 1851 hoc
1008 1797 1104 1852 modo:
1128 1812 1195 1850 nam
1213 1795 1248 1849 de

83 1869 165 1926 natio
191 1865 361 1950 appellatur,
392 1883 456 1921 cnm
481 1865 512 1920 in
541 1864 640 1921 eudem
691 1865 812 1949 pueritia
825 1866 938 1936 quidem
951 1869 1009 1936 tua,
1028 1884 1112 1950 quarn
1125 1869 1157 1922 tu
1172 1864 1250 1921 omni

83 1940 290 1997 construchone
320 1938 468 1993 verborum
499 1937 553 1992 duo
590 1938 640 1991 aut
691 1938 921 2007 intemperantiae
949 1938 1090 2007 addixisti,
1119 1938 1249 2004 dicerem,

83 2014 167 2083 plura
189 2010 254 2064 sunt
279 2008 375 2077 rerba,
407 2023 478 2078 quaa
511 2006 639 2062 similiter
692 2007 716 2062 si
743 2008 797 2063 hoc
820 2011 931 2079 tempus
955 2008 1086 2065 idoneum
1110 2011 1248 2080 putarem,

86 2082 191 2138 eisdem
198 2079 310 2136 casibus
319 2079 532 2135 efferunturhoc
542 2078 638 2134 modo:
691 2096 765 2134 nnnc
778 2081 903 2135 consulto
920 2080 1056 2150 relinquo‘
1075 2081 1111 2135 ud
1124 2080 1188 2136 Her.
1201 2079 1248 2147 IV,

85 2151 226 2209 hominem
242 2151 355 2206 landem
374 2153 501 2220 egentem
520 2149 639 2218 virtutis,
692 2156 735 2206 31.
753 2168 782 2221 p.
800 2151 858 2206 llil
878 2157 893 2217 ξ
912 2151 984 2207 taff.

84 2223 273 2281 abundantem
303 2220 478 2277 felicitatist‘
511 2221 547 2275 ad
573 2220 638 2278 Her.
728 2227 753 2277 3.
785 2224 945 2306 corripimus
974 2226 1017 2292 13)
1041 2223 1086 2279 die
1114 2223 1250 2279 correctio

84 2296 133 2362 IV,
151 2301 195 2351 18.
693 2295 891 2365 (reprehensro)
902 2289 1097 2365 ἐπανόρθωσις
1110 2289 1247 2366 (ἐπιτίμη-

121 2373 147 2420 2.
165 2364 294 2449 (1131311011
316 2364 360 2447 10)
384 2363 436 2418 das
463 2356 639 2434 testatam·
693 2367 746 2433 σις)
765 2383 845 2435 ,quae
861 2365 941 2449 tollit
954 2365 984 2421 id
997 2365 1192 2449 quoddichnn
1206 2367 1249 2422 est
1364 2396 1369 2403 ›

85 2435 639 2588 1111033103
691 2437 1249 2590 instanterpeterent

84 2582 181 2633 tamen
212 2575 315 2630 umdes
346 2577 436 2631 entus
472 2577 549 2645 sunt,
584 2576 639 2630 hoc
691 2578 745 2632 rste
764 2594 828 2633 suos
850 2578 974 2647 hospites
995 2580 1135 2648 rogasset,
1162 2594 1249 2633 mimo

82 2651 181 2722 pacto:
207 2644 329 2716 turpiter
349 2647 434 2702 andes
460 2646 565 2714 iacere,
590 2663 638 2703 ne·
690 2647 826 2704 innuisset
848 2648 946 2718 modo,
969 2649 1053 2704 facile
1077 2649 1131 2704 hoc
1153 2649 1250 2720 perfici

84 2720 177 2791 quitor
195 2717 289 2774 studes
306 2715 399 2772 dicere
417 2718 453 2772 ad
470 2718 535 2775 Her.
553 2719 572 2772 l.
590 2719 611 2775 l.
691 2721 793 2790 posset‘
812 2721 850 2775 ad
866 2720 931 2777 Her.
951 2720 997 2789 IV,
1017 2728 1060 2777 36.

120 2789 388 2847 maranensis
409 2784 638 2858 11)(1133131003-
727 2797 752 2846 0.
781 2793 825 2861 16)
848 2793 1009 2847 exclamatio
1032 2786 1249 2862 (lassescam)

84 2881 133 2918 333
151 2860 320 2917 caiacum
339 2859 386 2928 (ad
404 2859 468 2915 Her.
483 2860 531 2929 IV,
543 2866 584 2929 18,
594 2864 638 2930 25)
692 2864 747 2932 est,
779 2879 851 2932 quae
878 2864 989 2919 conficit
1016 2862 1248 2934 significationem

84 2934 134 2988 das
155 2931 250 2986 umian
285 2930 363 2986 siche
382 2930 483 2986 Gebiet
505 2931 554 2986 der
578 2948 638 2986 ora·
691 2932 794 2989 doloris
821 2936 871 2989 aut
897 2934 1099 3004 indignationis
1131 2933 1249 2988 alicuius

84 3003 226 3059 torischen
248 2949 412 3057 hhtithesen
437 3020 460 3057 3.
479 3002 510 3056 Β.
533 3021 560 3073 p.
579 3002 638 3057 Mil.
693 3020 743 3073 per
760 3004 880 3059 hominis
898 3008 948 3060 aut
965 3006 1041 3060 urbis
1058 3005 1108 3060 aut
1125 3003 1181 3058 loci
1199 3006 1250 3060 aut

84 3091 107 3129 c.
127 3080 153 3143 4,
173 3079 207 3127 10
225 3073 340 3135 estnon
359 3072 479 3143 scripta,
506 3074 641 3129 seducta
693 3073 734 3129 rei
753 3074 906 3145 cuiuspiam
925 3075 1168 3146 compellationem
1182 3094 1205 3130 z.
1217 3075 1248 3130 B.

83 3146 129 3201 lex
147 3146 199 3200 eto.
693 3163 720 3214 p,
739 3145 798 3202 Mil
816 3151 831 3212 ς
851 3152 902 3201 lot
921 3163 937 3203 o
960 3150 1063 3203 terram
1086 3146 1166 3202 illam
1183 3147 1250 3202 bea-

21 3240 24 3247 *
118 3224 143 3271 3.
162 3216 302 3286 gradatas
321 3218 364 3284 10)
383 3215 641 3285 diopradats'ooder
693 3218 765 3285 1311,
792 3233 863 3286 quae
884 3217 959 3273 hunc
985 3219 1077 3275 111111
1101 3218 1250 3288 exceperit,

83 3288 192 3358 stipae,
214 3287 244 3340 in
262 3303 318 3356 qua
334 3303 392 3342 non
408 3289 473 3342 ante
491 3287 528 3340 ad
546 3301 640 3342 conse·
693 3287 765 3342 hanc
778 3286 925 3358 ingratam,
945 3291 968 3344 si
982 3289 1103 3359 eiecerit,
1117 3288 1249 3344 miseram
1336 3352 1340 3361 Ι

84 3375 172 3428 quens
199 3357 316 3412 verbnm
339 3357 526 3425 descenditur,
553 3373 640 3427 quarn
694 3358 718 3412 si
748 3358 884 3427 amiserit3
918 3360 984 3416 oder
1011 3378 1027 3417 o
1058 3363 1199 3431 tempora,
1232 3376 1250 3415 o

84 3429 121 3483 ad
153 3429 276 3553 superius
308 3444 488 3483 conscensum
520 3430 562 3483 est
593 3427 640 3497 (ad
694 3445 793 3484 mores.

83 3496 181 3554 Her.I
209 3501 279 3568 ,34)
307 3501 391 3568 atque
416 3500 457 3554 ita
479 3500 557 3555 velut
575 3517 640 3570 gra·
729 3506 753 3557 1.
777 3517 838 3561 caca
855 3502 973 3558 31333331
991 3505 1042 3559 etc.
1067 3504 1117 3559 das
1137 3506 1180 3572 11)
1198 3521 1249 3557 313-

83 3570 167 3625 dibus
186 3568 351 3639 quibusdam
369 3571 523 3626 conectitur
541 3571 640 3638 oratio,
692 3567 835 3626 tricamus
857 3592 881 3629 z.
899 3575 930 3628 B.
955 3577 1066 3630 senatus
1084 3574 1178 3640 iussit,
1207 3591 1248 3628 se-

83 3640 135 3696 wie
154 3659 181 3710 p.
202 3639 336 3707 1111331
355 3657 445 3710 nequa
462 3657 529 3697 uero
547 3657 577 3696 se
590 3658 639 3710 po·
692 3644 772 3697 natui
789 3643 908 3713 placuit,
931 3648 1058 3700 senatum
1081 3646 1187 3700 certum
1205 3645 1249 3699 est

82 3713 150 3782 pulo
163 3712 263 3782 solum,
281 3712 332 3767 sed
345 3711 431 3766 etiam
445 3711 554 3767 senatui
565 3728 640 3769 corn·
692 3713 879 3783 praecepisse,
903 3731 921 3769 a
939 3718 1037 3771 senatu
1054 3716 1179 3770 delectus
1198 3717 1249 3770 est.

83 3782 173 3847 misit,
209 3800 299 3852 nequa
331 3781 440 3838 senatui
474 3782 557 3839 modo
589 3783 639 3839 sed
729 3785 1036 3853 equanacum.
1057 3786 1248 3842 140f.multo

83 3853 172 3908 etiam
188 3855 309 3924 publicis
326 3853 473 3925 praesidiis
496 3856 525 3910 et
546 3855 640 3925 3111113,
693 3855 783 3924 magis
806 3856 859 3910 hoc
881 3856 956 3911 idem
980 3859 1027 3926 (sc.
1046 3857 1192 3926 Antonius)
1220 3857 1250 3912 in

82 3940 175 3993 neque
191 3925 235 3980 his
253 3927 376 3995 tantam,
405 3926 454 3981 sed
477 3924 562 3982 suam
581 3925 640 3981 eius
694 3925 894 3982 sententiarum
908 3929 1078 3984 ornamentis
1097 3929 1247 3985 30331131-

82 3996 228 4065 potestati,
255 3995 301 4052 oui
328 3998 440 4052 senatus
464 3999 556 4052 totam
581 4013 641 4052 rem
693 3997 877 4062 mationibus;
897 4016 952 4068 quo
967 4017 1069 4070 genere
1086 3999 1153 4069 quia
1169 4017 1248 4068 prae·

82 4066 227 4137 publicam
245 4068 429 4125 commiserat.
448 4068 511 4139 Vgl.
530 4069 557 4125 d.
575 4067 653 4135 kris„
694 4071 752 4125 stat
771 4069 897 4125 omnihus
915 4071 1123 4141 Demosthenes,
1146 4070 1249 4125 idcireo

83 4139 158 4193 Anh.
696 4157 714 4196 a
731 4140 821 4196 doctis
840 4143 980 4198 oratorum
1003 4145 1046 4198 est
1063 4141 1189 4212 princeps
1208 4141 1249 4194 iu-

116 4215 142 4266 0.
172 4210 302 4266 dissolute
329 4204 500 4279 3133301333,
529 4209 641 4280 13)(133
695 4211 812 4267 dicatus.

82 4281 246 4336 dissoluturus
264 4275 454 4353 (ἀσύνδετον),
478 4282 553 4352 quod
575 4297 641 4337 con·
731 4290 772 4340 11.
800 4288 825 4338 et
850 4300 912 4340 vero
940 4284 1006 4354 ,und
1033 4284 1062 4338 in
1090 4283 1139 4338 der
1157 4283 1249 4340 That‘.

81 4350 271 4408 iunctionihus
290 4369 305 4408 e
323 4351 416 4408 medio
430 4352 589 4411 sublatis-se
608 4370 640 4408 a·
694 4353 749 4410 cie.
774 4355 842 4410 heht
859 4355 935 4410 disse
954 4354 1115 4409 Thatsache
1131 4353 1257 4429 desirata

82 4422 151 4478 ratis
168 4422 295 4493 pertibus
319 4423 433 4480 effertur
455 4423 491 4480 ad
508 4423 574 4482 Her.
633 4468 641 4498 ,
695 4441 726 4483 so
750 4425 981 4483 naohhrhclhich
997 4425 1133 4488 hemor,
1147 4437 1208 4473 m
1228 4419 1310 4491 om,

1033 4509 1077 4564 *g*
