2760 4740
146 186 190 250 52
565 188 715 243 ORATOR
734 194 776 243 1a.
795 195 909 244 40-41.

146 356 235 415 aetati
259 357 404 415 successit
421 354 576 434 Isocrates
600 357 652 432 qui
674 363 794 433 praeter
817 364 934 416 ceteros
958 357 1093 417 eiusdem
1115 360 1237 436 generis
1258 359 1321 420 lau-

146 443 233 504 datur
266 461 384 522 semper
416 462 433 502 a
465 442 563 523 nohis,
595 461 832 524 nonnumquam,
864 443 969 524 Brute,
1001 444 1109 506 leniter
1141 454 1172 507 et
1205 448 1322 509 erudite

146 539 331 610 repugnante
353 539 392 592 te.
443 530 502 592 Sed
527 532 631 592 credes
653 532 726 591 mihi
754 533 894 612 sortasse,
927 536 952 592 si
982 533 1054 612 quid
1081 537 1112 594 in
1140 554 1176 595 eo
1205 535 1323 597 laudem

147 622 329 699 cognoveris,
374 620 448 679 Nam
467 638 534 680 cum
558 623 697 680 concisus
721 622 748 679 ei
771 619 1011 700 Thrasymachus
1039 625 1162 683 minutis
1185 628 1321 685 numeris

46 746 49 751 -
144 708 297 769 videretur
316 715 346 768 et
365 708 496 788 Gorgias,
520 711 571 787 qui
590 717 689 769 tamen
706 711 796 787 primi
814 710 973 770 traduntur
997 719 1060 770 arte
1079 713 1208 790 quadam
1230 713 1345 776 verhaa

145 799 288 877 vinxisse,
321 796 509 876 Thucydides
542 807 642 857 autem
669 798 864 876 praefractior
887 815 942 858 nec
971 801 1056 879 satis,
1088 808 1122 861 ut
1148 802 1190 861 ita
1215 801 1321 881 dicam,

146 885 306 964 rotundus,
335 887 450 964 primus
477 887 608 957 tristituit
636 884 757 946 dilatare
787 885 885 947 verbis
912 896 943 947 et
970 887 1155 949 mollioribus
1184 893 1320 950 numeris

145 973 264 1052 explere
285 976 454 1034 sententias
492 974 526 1034 ln
545 993 604 1052 quo
624 992 692 1034 cum
711 974 833 1035 doceret
852 993 911 1055 eos,
935 978 987 1054 qui
1006 979 1164 1055 partimin
1182 977 1320 1058 dicendo,

145 1064 253 1141 partim
276 1065 307 1121 in
330 1062 488 1123 scribendo
512 1065 663 1141 principes
687 1065 880 1143 exstiterunt,
908 1064 1014 1124 domus
1037 1067 1103 1125 eius
1127 1066 1248 1126 officina
1271 1067 1320 1126 ha-

91 1167 125 1215 41
145 1149 206 1211 bita
230 1151 416 1230 eloquentiae
440 1159 494 1211 est.
540 1151 642 1229 ltaque
667 1159 700 1211 ut
724 1168 792 1231 ego,
821 1169 890 1212 cum
919 1171 936 1212 a
958 1161 1062 1212 nostro
1086 1152 1197 1214 Catone
1221 1155 1358 1216 landa-10

144 1238 211 1320 bar,
243 1239 289 1299 vel
321 1239 501 1318 reprehendi
532 1258 581 1322 me
610 1258 626 1299 a
659 1241 769 1300 ceteris
800 1239 886 1299 facile
917 1241 1063 1319 patiebar,
1096 1245 1139 1302 sic
1172 1241 1320 1304 Isocrates

144 1328 262 1388 ridetur
293 1331 463 1388 testimonio
495 1328 626 1389 Platonis
664 1327 789 1387 aliorum
827 1328 937 1389 iudicia
973 1329 1082 1391 dehere
1116 1340 1321 1393 contemnere.

144 1504 272 1583 loquens
294 1503 448 1564 Socrates:
485 1500 679 1565 ‘Adulescens
706 1506 796 1565 etiam
823 1523 917 1587 nunc,
949 1505 1138 1588 oPhaedre,
1171 1507 1319 1569 Isocrates

145 1602 203 1674 est3
231 1593 284 1653 sed
307 1593 377 1672 quid
401 1593 437 1652 de
461 1592 511 1653 illo
535 1611 664 1672 augurer
687 1593 770 1654 lubet
792 1593 901 1653 dicere.
948 1593 1025 1664 Quid
1047 1592 1190 1656 tandem?
1218 1599 1359 1676 inquito

142 1681 201 1742 ille.
246 1681 355 1742 Maiore
380 1683 452 1742 mihi
474 1684 593 1760 ingenio
621 1683 738 1743 videtur
761 1699 840 1761 esse,
869 1700 958 1761 quam
981 1691 1015 1743 ut
1037 1702 1116 1744 cunr
1130 1685 1317 1746 orationihus

143 1769 246 1849 Lysiae
270 1778 471 1848 comparetur;
495 1779 650 1848 praeterea
668 1771 704 1830 ad
723 1772 865 1831 virtutem
878 1773 972 1831 maior
990 1770 1114 1852 indoles,
1137 1781 1172 1833 ut
1188 1776 1318 1834 minime

69 1854 72 1859 ’
143 1862 253 1918 mirum
275 1859 409 1919 futurum
433 1861 480 1938 sit,
504 1862 538 1940 si,
565 1878 635 1919 cum
658 1868 752 1920 aetate
775 1861 972 1940 processerit,
1000 1868 1052 1920 aut
1072 1863 1104 1920 in
1127 1861 1193 1921 hoc·
1208 1864 1317 1922 oratio-

143 1966 216 2007 num
238 1965 361 2026 genere,
393 1949 442 2007 cui
470 1966 549 2008 natac
577 1949 690 2029 studet,
722 1955 845 2007 tantum·
866 1955 1011 2026 quantum
1042 1951 1158 2030 pueris,
1191 1951 1319 2030 reliquis

142 2043 275 2114 praestet
302 2034 452 2116 omnibus,
485 2038 536 2114 qui
564 2054 706 2115 umquam
734 2037 884 2096 orationes
907 2038 1083 2117 attigerunt,
1115 2046 1167 2098 aut
1195 2041 1222 2099 si
1245 2057 1316 2099 con·
1332 2053 1358 2091 2⁰

143 2186 338 2256 nikenartigen
355 2187 545 2258 Darstellung‚
565 2189 624 2257 ,qui
641 2190 700 2242 siae
755 2187 810 2241 den
838 2188 951 2258 Anfang
982 2189 1131 2257 gemacht·
1147 2207 1183 2244 zu
1213 2189 1322 2258 habam

142 2261 209 2313 allis
226 2259 393 2313 ornamentis
411 2260 592 2313 monumenta
611 2260 701 2312 solum
752 2259 838 2312 vnarba
846 2259 1036 2317 oiaaaseaos.
1046 2265 1088 2315 64.
1105 2260 1139 2314 de
1147 2276 1187 2315 or.
1195 2261 1245 2329 III,
1261 2268 1322 2318 1'16.

143 2332 310 2398 temporum,
321 2329 466 2383 hominum
475 2330 601 2384 locorum
609 2333 701 2399 gesta·
791 2336 816 2382 6.
832 2331 1019 2397 praefractior
1030 2347 1059 2384 er
1071 2330 1323 2388 lasstdiePeriode

143 2417 259 2470 rumque
278 2417 371 2455 rerum
393 2400 568 2469 reliquerunt
585 2403 648 2455 etc‘
666 2401 701 2454 de
756 2399 836 2454 nicht
852 2401 1035 2469 ungehemmt
1053 2418 1148 2472 genug
1166 2402 1323 2458 denKreis·

143 2488 190 2527 orr
201 2471 235 2539 ll,
254 2477 297 2526 53.
596 2467 600 2479 ’
756 2470 819 2524 lauf
834 2471 995 2539 rollenden,
1018 2472 1136 2543 sondern
1159 2472 1261 2527 kniclrt
1280 2475 1321 2529 sie

180 2549 204 2596 1.
234 2543 371 2597 Isocrates
400 2541 469 2595 wird
494 2541 555 2596 hier
586 2561 639 2596 nur
671 2541 702 2595 in
757 2541 912 2610 gleichsam
930 2541 1031 2596 vorher
1044 2543 1098 2611 ein,
1117 2543 1252 2598 wodurch
1271 2544 1322 2599 der

139 2612 484 2682 stilistisoherBeaiehung
498 2613 625 2667 erwhhnt
641 2613 699 2667 und
752 2611 900 2666 Ausdruck
919 2614 1005 2667 etwas
1024 2630 1058 2667 nu
1076 2613 1182 2668 schroff
1196 2613 1277 2683 wird,
1297 2635 1320 2672 s.

140 2701 215 2738 zwar
239 2685 269 2738 in
293 2684 343 2738 der
367 2683 450 2738 Mitte
482 2683 619 2738 zwischen
645 2685 699 2737 den
753 2688 806 2736 234
828 2683 858 2736 in
877 2683 1040 2753 Thucydide
1066 2685 1163 2739 orbem
1181 2685 1320 2741 orationis

141 2746 290 2823 Sophiiten
314 2755 402 2808 einer·
433 2754 491 2806 und
523 2753 577 2808 den
609 2755 699 2808 'aliern
753 2753 891 2809 desidero.

140 2823 327 2891 Historikern‚
356 2823 415 2878 bes.
445 2823 622 2893 Thucydides
650 2842 700 2879 an·
790 2831 814 2879 7.
833 2826 952 2879 dilatare
970 2825 1012 2879 als
1032 2824 1177 2881 cormorii
1200 2826 1247 2880 fiir
1264 2827 1319 2882 das

139 2895 296 2962 deterseits,
315 2894 406 2949 sofern
424 2912 475 2949 aus
493 2897 584 2949 seiner
598 2895 700 2950 Schule
754 2896 863 2950 concise
904 2895 1019 2950 minutis
1055 2896 1178 2952 numeris
1195 2925 1198 2930 ·
1214 2897 1318 2953 dicere.

137 2967 170 3037 ja
188 2966 261 3022 auch
278 2965 323 3020 dio
341 2965 593 3020 rhetorisierenden
606 2966 699 3021 Histo·
754 2965 853 3020 Parad.
872 2981 995 3035 prooem.
1011 2973 1027 3021 2
1041 2983 1133 3036 neque
1151 2967 1256 3022 dilatat
1275 2985 1320 3024 ar-

140 3036 458 3106 m'kerhervorgiengem
475 3043 584 3104 praeter
603 3043 701 3092 ceteros
755 3038 932 3107 gumentum,
956 3037 1005 3091 sed
1029 3037 1145 3093 minutis
1163 3037 1321 3109 intorroga-

140 3108 201 3162 also
224 3108 437 3177 heuptshcthh
456 3107 654 3177 Theopompus
673 3127 700 3162 u.
755 3106 886 3161 tirunculis
911 3108 993 3176 quasi
1020 3108 1132 3177 punctis
1155 3108 1233 3177 quod
1255 3127 1323 3179 pro-

140 3178 270 3248 Ephorus
294 3180 352 3246 ‚qui
375 3210 408 3218 -
434 3178 470 3232 ab
495 3177 616 3233 Isocrate
642 3196 700 3233 ma·
753 3177 849 3248 posuit
866 3178 959 3234 efficit.
1097 3193 1099 3197 ¹

141 3249 230 3320 gistro
247 3249 362 3318 impulsi
381 3266 410 3303 se
424 3249 461 3302 ad
474 3248 621 3304 historiam
636 3266 700 3304 con·
790 3255 815 3303 8.
841 3251 955 3318 capiare,
974 3250 1034 3304 also
1057 3249 1161 3305 kainon
1180 3249 1321 3308 schroffen

140 3321 274 3375 tulerunt‘
294 3320 328 3374 de
347 3335 386 3374 or.
405 3319 440 3388 ΙΙ,
460 3325 502 3374 57.
756 3318 889 3375 Abbruch
906 3321 1057 3390 gestatten,
1077 3321 1133 3375 den
1146 3320 1227 3375 Kreis
1246 3322 1323 3376 roll-

176 3398 201 3446 3.
227 3396 399 3460 repapaaate
422 3396 448 3444 te
478 3408 498 3446 s.
524 3390 698 3456 Einl5153
754 3390 858 3459 endon,
883 3391 926 3445 als
945 3389 1087 3446 correctiv
1105 3391 1151 3445 fur
1170 3391 1222 3447 das
1239 3406 1322 3461 prae·

141 3463 231 3517 credes
249 3462 336 3529 ,wirst
353 3461 407 3515 mir
424 3461 516 3515 Recht
533 3461 642 3531 geben‘.
754 3460 869 3516 fractius
888 3461 980 3516 dicere
1001 3468 1061 3517 168.
1081 3467 1141 3516 230.

177 3539 202 3587 4.
222 3533 346 3589 occasus
364 3531 478 3587 ahnlioh
494 3532 548 3586 wie
562 3532 639 3586 Brut.
648 3538 699 3587 287
790 3537 814 3585 9.
837 3533 870 3586 ia
892 3534 1035 3587 sathanae
1057 3533 1084 3588 d.
1103 3533 1131 3587 h.
1156 3532 1204 3588 die
1228 3549 1323 3588 rorum

142 3605 209 3673 quid
229 3606 271 3660 est
287 3607 346 3659 tam
368 3603 502 3672 fractum,
526 3605 587 3657 tam
610 3603 699 3657 minu·
754 3603 912 3672 scriptores,
932 3603 979 3658 die
996 3603 1251 3658 rhetorisiercndon
1268 3603 1320 3658 Hi—

141 3678 219 3730 tum?
246 3675 322 3730 scine
340 3674 477 3729 Perioden
498 3673 598 3728 flossen
624 3675 703 3727 nicht
757 3673 877 3728 storiker
895 3675 945 3728 der
962 3675 1077 3729 isokret.
1097 3673 1202 3729 Schola
1226 3674 1263 3730 de
1283 3692 1322 3730 or.

141 3746 170 3799 in
185 3748 276 3801 einem
284 3747 355 3801 Gass
369 3745 464 3814 dahin,
483 3746 632 3799 haitanan
645 3745 703 3798 viel
757 3744 792 3809 ΙΙ,
813 3751 859 3811 943
877 3746 1018 3813 principes
1036 3744 1072 3799 de
1090 3760 1129 3799 or.
1147 3744 1184 3812 ΙΙ,
1203 3751 1239 3800 94
1257 3761 1325 3801 ecce

141 3815 331 3884 Einschnitte‚
358 3816 492 3871 woduroh
517 3817 588 3870 eben
612 3815 703 3870 lautor
757 3814 812 3869 tibi
830 3818 941 3870 exortus
960 3817 1004 3870 est
1021 3816 1168 3885 Isocrates,
1186 3816 1327 3886 magister

140 3885 703 3968 kleine,abgebrocheneSetzgliederent-
756 3885 876 3940 istorum
890 3886 1024 3953 omnium,
1043 3885 1122 3940 cuins
1136 3902 1152 3940 e
1166 3885 1235 3941 ludo
1249 3891 1326 3941 tam-

141 3957 261 4012 standen
272 3957 329 4010 und
338 3957 381 4012 die
390 3955 557 4026 Symmetne
568 3975 603 4010 zu
612 3956 702 4011 111θὶ11-
757 3973 842 4025 quam
861 3974 895 4011 ex
919 3974 991 4025 equo
1010 3957 1131 4012 Troiam
1152 3957 1224 4012 meri
1247 3957 1327 4028 prin-

140 4027 199 4082 lich
217 4028 320 4082 warde.
759 4027 834 4096 cipes
852 4027 981 4082 exierunt
999 4028 1077 4082 Brut.
1096 4032 1139 4082 82.

177 4105 202 4154 5.
228 4100 277 4169 qai
294 4104 385 4154 tamea
403 4100 456 4152 etc.
484 4097 535 4151 das
552 4097 704 4152 Verdienst
796 4104 839 4152 10.
859 4114 920 4153 carn
939 4099 1092 4153 laudabar:
1116 4097 1246 4168 zuglsich
1269 4101 1328 4155 vrol

140 4169 231 4226 bleibt
248 4169 334 4224 ihnen
353 4167 437 4225 dabei
456 4168 538 4237 doch,
556 4168 609 4222 mit
628 4169 705 4223 einer
760 4168 806 4224 ein
814 4169 911 4238 wint,
930 4168 995 4227 dass
1004 4168 1115 4225 Ciceros
1133 4168 1196 4225 laus
1207 4169 1326 4226 Catonis

141 4240 195 4296 Art
223 4240 415 4297 technischem
439 4239 631 4307 Bewustsein‚
661 4256 704 4293 ra·
760 4239 871 4295 einfach
899 4240 961 4295 eine
982 4240 1086 4295 Pflicht
1107 4239 1157 4295 der
1176 4241 1325 4297 Danlrbcr-

140 4311 218 4367 tione
241 4313 363 4382 quadam
389 4313 444 4381 (77)
472 4310 545 4364 nach
567 4311 706 4381 gewissen
758 4310 819 4366 keit
837 4328 895 4367 war
913 4317 955 4366 35.

132 4382 319 4437 stilistisahen
345 4383 483 4438 Genetaen
508 4381 561 4436 mit
584 4381 634 4438 der
651 4382 704 4436 Pe·
795 4388 838 4436 13.
861 4388 900 4437 eat
923 4413 956 4422 -
980 4383 1092 4452 laquata
1114 4382 1194 4452 ,wind
1216 4384 1327 4440 redsnd

119 4448 352 4524 rr'odenbildang
371 4455 403 4510 in
428 4456 481 4511 der
500 4453 596 4511 soluta
614 4453 708 4511 oratio
764 4451 947 4524 e'rngelt'ahr'd·¹
963 4454 1043 4521 quasi
1063 4469 1100 4520 ,so
1115 4451 1266 4511 aismlieh‘.
