2760 4740
438 140 687 208 semiannus
706 151 859 207 merens.
1022 140 1025 146 ⁴
1172 154 1234 218 191
1264 168 1266 172 ·

102 312 261 383 [Verrinae
294 312 444 384 orationes]
480 318 538 366 103.
564 318 623 368 167.
677 311 871 381 Proserpinam
881 313 992 379 vocant,
1006 312 1236 368 exHennensium

64 390 124 438 210.
166 384 223 438 Das
247 401 346 453 corpus
369 383 419 438 der
437 382 624 450 Ciceroniaui⁴
678 399 798 450 nemore,
822 384 872 450 qui
888 384 979 449 locus,
1002 383 1078 451 quod
1095 384 1125 438 in
1142 385 1237 440 media

64 456 151 510 schen
170 455 266 510 lieden
289 472 380 524 gegen
403 453 432 509 C.
451 455 551 510 Verres
574 455 623 510 be·
678 455 721 507 est
738 453 831 508 insula
849 453 932 522 situs,
954 453 1104 508 umbilicus
1123 454 1237 511 Siciliae

64 526 141 581 steht
157 526 197 580 im
215 524 411 581 weiternSinu
429 542 479 580 ans
499 523 623 595 siebeu,
676 523 846 593 nominatur)
869 523 930 578 Hoc
952 524 1028 590 dico,
1050 525 1123 580 haue
1145 527 1235 595 ipsam

61 597 101 651 im
125 613 230 668 engeru
257 614 307 651 aus
329 597 406 650 irini
426 597 623 668 Abteilungen.
678 593 814 662 Cererem,
833 595 1067 664 antiquissimam,
1084 596 1236 668 religiosis·

62 667 249 722 Bekauutlich
267 668 453 722 verarbeitete
468 666 532 734 Cic,
551 669 624 723 nach
678 665 786 734 simam,
814 665 967 735 principem
994 669 1120 737 omnium
1139 670 1235 724 'sacro-

62 740 114 793 der
131 738 309 793 Verurteiluu
353 739 402 792 des
426 737 541 805 Verres,
568 739 624 794 den
677 752 747 803 rum,
770 752 842 805 quae
861 737 936 808 apud
954 752 1050 791 ornnes
1069 740 1168 808 gentes
1184 756 1235 794 ua-

61 810 175 864 reichen
195 808 277 878 Stoff,
307 756 356 863 ger
378 809 437 863 ihm
461 827 495 863 zu
514 808 623 866 Gebote
676 806 823 876 tionesque
841 807 919 874 finnt,
937 824 955 862 a
973 806 1002 862 C.
1021 806 1107 864 Verre
1127 825 1161 863 ex
1178 812 1235 866 suis

62 870 155 949 stand,
173 898 207 934 zu
221 879 298 934 einer
312 880 363 934 auf
379 886 394 935 t
412 880 544 935 Biioher
562 882 632 936 ver-¹
676 877 791 947 templis
814 894 848 932 ao
870 878 982 933 sedibus
1007 894 1067 933 esse
1093 880 1235 936 sublatam

60 950 162 1006 teilten
194 951 230 1004 Kl
268 950 350 1006 erede
381 968 444 1006 aus:
465 951 523 1021 ‚die
550 969 571 1006 s.
595 968 622 1021 g.
677 950 730 1003 etc.
750 951 777 1017 t)
793 947 1235 1019 IV,72ff.deSepestoncDicnc:

62 1022 137 1077 actio
156 1038 239 1076 secun
259 1039 284 1089 a,
302 1021 347 1077 die
367 1022 433 1077 aber
446 1039 499 1076 nur
510 1022 623 1087 schrift·
676 1018 743 1073 Fuit
761 1020 836 1090 apud
856 1020 1022 1090 Segestanos
1041 1037 1075 1074 ex
1094 1033 1157 1076 aere
1169 1020 1235 1077 Dia·

61 1093 119 1148 lich
147 1092 386 1163 herausgegebou,
419 1093 466 1147 uie
493 1092 622 1148 withlioh
677 1106 729 1145 nee
749 1089 928 1145 simulacrum
946 1106 1009 1147 curn
1028 1096 1235 1162 summaatque

61 1163 196 1234 gehalteu
214 1164 258 1219 ist.
301 1163 355 1218 Die
379 1166 469 1218 erste
492 1163 569 1219 Bede
587 1165 623 1220 de
676 1160 872 1229 antiquissima
901 1161 1060 1231 praeditum
1090 1162 1235 1235 religione,

81 1236 193 1289 raetura
211 1235 326 1302 urbana,
345 1231 481 1289 schildert
499 1234 549 1288 das
567 1235 622 1290 fru-
676 1233 737 1285 tum
769 1230 904 1302 singulari
940 1249 1024 1302 opere
1061 1233 1234 1304 artificioque

60 1253 129 1360 Vere
152 1303 312 1359 offentliehe
336 1304 431 1361 Leben
453 1305 503 1360 des
521 1304 622 1361 Verres
676 1300 838 1371 perlectum.
872 1303 1038 1387 =(Segestal
1084 1304 1134 1362 ¹im
1151 1307 1234 1360 nord·

61 1376 119 1430 und
138 1376 288 1431 besonders
307 1374 352 1431 die
370 1375 554 1502 Verwaltunf
573 1377 622 1432 der
676 1372 839 1456 vrestliohen
856 1372 980 1443 Sicilreu)
1000 1319 1204 1431 -Volebacur
1217 1392 1240 1434 a·

60 1445 234 1502 sthdtischen
252 1446 366 1514 Pratum
384 1446 430 1501 die
449 1447 532 1502 zwei
553 1464 568 1502 e
587 1448 622 1503 de
676 1443 791 1510 orvibns,
819 1445 855 1499 ab
879 1444 1009 1500 omnibus
1031 1446 1146 1502 advenis
1164 1449 1234 1504 vise-

59 1516 174 1572 iudiciis
202 1535 223 1572 s.
256 1517 291 1573 ds
321 1519 455 1588 praetura
485 1517 623 1575 Siciliensi
676 1514 770 1580 baturs
800 1531 863 1570 cum
885 1517 1019 1585 quaestor
1036 1532 1139 1585 essem,
1164 1518 1235 1574 nihil

61 1588 137 1643 seine
156 1588 342 1643 willlrurliohe
360 1589 417 1646 und
431 1588 622 1646 bestechliche
675 1583 747 1640 mihi
777 1587 814 1641 ab
845 1586 916 1640 illis'
933 1588 978 1642 est
1012 1586 1233 1659 demonstratum

60 1660 114 1713 Art
136 1658 186 1712 der
203 1657 398 1728 Rechtspilege
416 1677 442 1716 ιι.
462 1677 481 1713 s.
501 1678 549 1727 w.;
575 1661 621 1716 die
675 1656 760 1725 prius.
801 1657 870 1712 Erat
891 1657 1042 1728 admodum
1062 1658 1186 1728 amplum
1204 1664 1235 1717 et

61 1728 170 1784 dritte
189 1728 279 1785 oratio
292 1729 477 1785 frumentaria
485 1731 560 1814 seiue
569 1731 621 1816 Er:
675 1727 814 1809 excelsum
833 1729 944 1810 signnm
959 1746 1022 1810 cum
1036 1729 1234 1812 stola,·verum

59 1800 621 1941 tzlffittllirilllcttthti
674 1799 1234 1940 ttinriricihclhffilhc

61 1942 96 1996 de
117 1941 204 2011 siguis
223 1942 318 1996 seineu
332 1942 619 2000 schtudlicheuliaub
675 1938 764 2008 gittae
781 1939 942 2008 pendebant
960 1940 996 1995 ab
1014 1940 1143 2010 humero,
1167 1944 1233 1998 sini·

59 2029 97 2067 an
119 2012 271 2067 kostbaren
294 2011 411 2067 Statuen
438 2014 495 2068 und
518 2014 621 2070 Kunsi-
675 2011 734 2064 atra
751 2025 838 2064 manu
854 2011 996 2066 retinebat
1012 2025 1117 2079 arcum,
1136 2013 1235 2070 dextra

37 2083 187 2149 ·werken;
215 2082 261 2139 die
284 2083 396 2139 finite
424 2083 457 2138 de
476 2084 636 2155 suppliciis*
674 2079 819 2135 ardentem
850 2081 941 2136 facem
971 2083 1149 2153 praeferebat
1180 2089 1235 2141 etc.
1260 2082 1265 2087 ’

60 2153 137 2209 seine
160 2153 359 2209 Grausamlreit
380 2155 437 2208 und
461 2155 620 2225 Ungerech-
675 2151 768 2218 4l1V‚
788 2151 877 2207 llcff.
897 2154 930 2208 de
944 2152 1147 2223 Syracusarum
1164 2157 1235 2211 siin:

58 2224 164 2295 tigkeit
191 2225 343 2279 besonders
375 2225 405 2279 in
430 2225 622 2298 Veihtngung
674 2220 763 2276 Unius
781 2224 868 2277 etiam
881 2223 1093 2278 urbisomninm
1107 2225 1234 2294 pulcher-

60 2295 111 2350 der
129 2294 415 2352 schwerstenLeibes·
434 2296 620 2353 undLebens·
674 2293 762 2363 risque
785 2296 870 2362 atque
898 2295 1094 2351 ornatissimae
1117 2296 1234 2366 Syracu·

60 2365 175 2422 strafeu.
220 2366 322 2421 Diesen
346 2367 507 2422 5B1‘ichern
530 2369 622 2438 gehen
675 2379 768 2418 sarum
795 2364 982 2434 direptionem
1009 2370 1234 2424 commemorabo

59 2438 130 2492 aber
147 2438 220 2491 noch
237 2438 351 2492 vorher:
371 2438 416 2492 die
436 2437 573 2494 divinatio
591 2439 621 2494 in
675 2465 708 2473 -
727 2434 831 2490 Urbem
843 2436 991 2504 Syracusas
1009 2437 1161 2493 maximam
1175 2457 1235 2495 esse

62 2507 93 2574 Q.
115 2506 275 2576 Caecilium,
295 2508 427 2562 wodurch
446 2508 505 2563 sich
525 2509 620 2565 Cicero
674 2503 852 2572 Graecarum,
875 2506 1091 2576 pulcherrimam
1109 2510 1235 2564 omnium

59 2579 100 2633 im
118 2578 143 2631 J.
164 2582 197 2632 70
216 2579 266 2633 das
285 2579 375 2633 Recht
393 2580 558 2649 erlr'ampfte‚
579 2581 620 2636 als
675 2591 758 2642 saepe
777 2576 902 2632 audistis,
936 2577 994 2642 list,
1010 2578 1125 2647 iudices,
1142 2581 1184 2634 ita
1202 2583 1236 2636 ut

59 2649 205 2718 Aukleger
231 2649 406 2704 dervense
438 2650 620 2718 aufzutreten,
675 2645 785 2701 dicitur.
805 2647 878 2703 Nam
888 2650 917 2701 et
926 2648 981 2702 situ
995 2652 1040 2703 est
1052 2667 1116 2703 cum
1125 2652 1234 2710 munito

59 2720 117 2774 und
149 2719 195 2773 die
228 2738 247 2774 s.
276 2737 303 2788 g.
336 2721 410 2776 actio
442 2721 541 2790 prima,
574 2722 620 2777 die
663 2718 1234 2780 ,tumexomniaoituvelterrsvelmuri

60 2790 221 2860 gleichfalls
239 2790 278 2844 im
298 2791 323 2845 J.
344 2796 378 2844 70
396 2790 438 2846 als
456 2792 621 2863 Einleitung
674 2788 817 2857 praeclaro
841 2789 878 2844 ed
900 2790 1064 2859 adspectum
1089 2795 1118 2846 et
1135 2798 1233 2862 portus

60 2879 109 2915 zur
128 2860 316 2930 cigentlichen
339 2862 545 2934 vollstiindigen
563 2864 620 2918 Au·
673 2859 760 2914 habet
772 2876 860 2931 prope
873 2860 903 2914 in
918 2861 1111 2918 aedificatione
1126 2864 1234 2934 ample-

59 2932 145 3001 lrlage
164 2932 336 3000 gesprooheu
354 2932 400 2986 ist.
441 2933 495 2987 Ein
513 2935 621 2990 reicher
673 2947 765 2998 xuque
784 2931 861 2984 urbis
878 2932 1013 2997 inclusos;
1037 2933 1087 3000 qui
1109 2951 1172 2988 cum
1191 2936 1232 2989 di·
1260 2961 1262 2965 v

61 3002 137 3057 Stoff
151 3002 220 3068 also,
247 3002 277 3056 in
295 3003 359 3058 dem
378 3003 434 3058 Cic.
460 3003 505 3058 die
533 3022 620 3075 ganne
673 3017 768 3054 versos
787 3000 860 3055 iuter
879 3017 908 3056 se
926 3002 1019 3057 aditus
1043 3004 1178 3072 habeant,
1203 3006 1233 3060 iu

59 3073 141 3128 Fullo
155 3072 620 3132 seinerBeredsamkoitentiultete.
674 3070 750 3125 exitu
764 3072 968 3141 coniunguntur
979 3076 1008 3128 et
1022 3074 1165 3129 confluunt
1179 3079 1232 3131 etc.

97 3178 154 3233 cic.
174 3179 302 3233 erwthnt
319 3180 470 3235 besonders
489 3181 535 3236 die
549 3182 621 3236 Stel·
712 3177 881 3247 Xenophon
900 3185 942 3233 32.
955 3185 997 3246 62,
1015 3181 1077 3250 geb.
1098 3182 1171 3235 etwa
1180 3188 1234 3236 444
1296 3178 1304 3189 ⁸

59 3251 107 3307 len
127 3252 153 3318 1)
172 3250 238 3315 11‚2
257 3251 290 3305 de
308 3250 422 3306 Siciliae
440 3253 535 3307 lande:
554 3269 621 3320 ‚om·
674 3265 700 3302 v.
722 3247 794 3317 Chr,
833 3251 882 3305 est.
901 3250 931 3304 in
949 3251 1068 3304 Korinth
1087 3251 1124 3306 im
1144 3252 1169 3306 J.
1180 3259 1233 3307 354

58 3321 137 3374 nium
157 3319 304 3375 nationum
322 3324 479 3376 exterarum
492 3323 621 3393 princeps
674 3336 700 3372 v.
721 3318 783 3376 chr.
812 3267 846 3374 {e
866 3337 904 3374 or.
923 3321 958 3385 Il,
979 3328 1021 3390 14,
1040 3328 1073 3376 58
1102 3325 1232 3393 aphile-

60 3390 160 3446 Sicilia
188 3407 217 3444 se
246 3391 282 3444 ad
304 3392 458 3447 amicitiam
481 3393 620 3462 fidemque
675 3388 773 3459 sophin
790 3391 932 3460 profectus
950 3390 1116 3474 Xenophon,
1135 3395 1232 3449 Socra·

59 3461 158 3532 populi
190 3461 311 3517 Romani
342 3463 492 3532 applicuit3
529 3465 621 3534 prima
674 3460 746 3514 tieus
777 3460 834 3529 ille,
867 3461 978 3533 scripsit
1009 3463 1156 3518 historiam
1184 3488 1231 3532 -3

60 3532 193 3599 omnium,
212 3531 241 3585 id
260 3533 336 3600 quod
355 3537 550 3589 ornamentum
568 3536 620 3590 im·
673 3530 778 3585 leuiore
797 3531 918 3601 quodam
941 3549 1009 3588 sono
1031 3536 1075 3588 est
1101 3553 1175 3600 usus,
1203 3538 1234 3591 et

58 3602 131 3673 perii
155 3605 207 3670 est,
232 3604 377 3672 provincie,
403 3607 447 3660 est
468 3606 621 3677 appellata,
675 3601 724 3668 qui
751 3601 831 3656 illum
856 3601 993 3671 impetum
1026 3606 1144 3660 oratoris
1176 3623 1233 3662 non

58 3674 152 3743 prima
166 3673 262 3728 docuit
271 3675 389 3730 maiores
399 3678 516 3743 nostros,
535 3693 620 3744 quarn
673 3671 785 3740 habeat,
811 3673 960 3728 vehemens
987 3674 1105 3730 fortasse
1132 3676 1233 3748 minus,

58 3745 235 3826 praeclarum
263 3747 337 3800 esset
363 3747 465 3801 exteris
488 3747 619 3816 gentibus
674 3742 723 3796 sed
741 3743 885 3811 aliquanto
903 3746 999 3799 tamen
1018 3748 1103 3801 est-
1115 3747 1232 3803 dulcior.

57 3831 211 3885 1mperure;
230 3816 291 3869 sola
307 3816 363 3870 fuit
381 3834 415 3872 ea
431 3817 485 3872 fide
499 3819 619 3872 benevo-
672 3813 749 3867 Brut.
771 3820 829 3868 132.
860 3814 935 3887 Suid.
962 3817 1100 3884 Ξενοφῶν
1126 3812 1231 3888 Ἀττικὴ

58 3885 204 3952 lentiaque
222 3902 290 3955 erga
306 3888 443 3961 populqm
452 3889 617 3955 Romanum,
673 3879 786 3953 μέλιττα
805 3881 1009 3956 ἐπωνομάζετο.
1037 3887 1118 3975 Diog.
1138 3889 1231 3945 Laert.

58 3958 91 4010 ut
108 3955 239 4011 civitates
249 3958 308 4011 eius
316 3958 434 4026 insulae,
449 3975 520 4026 quae
531 3960 619 4014 semel
672 3954 706 4021 ΙΙ,
726 3960 759 4009 57
784 3952 913 4010 ἐκαλεῖτο
935 3955 983 4010 acl
1004 3952 1107 4028 Ἄττικη
1127 3960 1232 4014 Μοῦσα

57 4027 87 4080 in
122 4025 278 4082 amicitiam
314 4031 439 4083 nostram
470 4030 619 4099 venissent,
673 4020 822 4094 γλυκύτητι
839 4027 889 4094 τῆς
908 4022 1063 4097 §vltimac-
1084 4029 1177 4095 Quini·
1196 4031 1231 4101 X,

58 4114 210 4167 numquam
224 4101 323 4167 postea
336 4099 493 4166 deficerent,
512 4100 619 4169 plerae-
674 4101 698 4164 1,
717 4102 751 4150 82
776 4096 843 4166 quid
867 4114 920 4168 ego
943 4115 1159 4155 commemorem
1177 4101 1231 4156 Xe-

58 4185 113 4236 que
132 4169 237 4235 autem,
260 4171 289 4223 et
307 4170 428 4224 maxime
446 4171 570 4226 illustres
588 4171 619 4225 in
672 4167 822 4235 nophoutis
849 4168 927 4222 illam
954 4169 1158 4226 iucunditatem
1189 4173 1232 4225 in·

58 4238 185 4295 amicitia
193 4242 328 4308 perpetuo
336 4244 498 4296 manerent‘.
524 4244 551 4310 2)
570 4242 617 4311 IV,
672 4236 846 4318 affectatam,
869 4240 919 4294 sed
936 4256 1020 4308 quam
1039 4242 1119 4296 nulla
1136 4258 1231 4296 conse·

60 4315 110 4364 106
124 4308 154 4363 ff.
182 4312 215 4364 de
238 4310 382 4366 Hennensi
405 4311 512 4367 Cerere:
544 4315 617 4380 (rap.
672 4324 720 4376 qur
740 4307 882 4365 affectatio
901 4311 1009 4380 possit?
1031 4313 1064 4366 ut
1081 4315 1156 4382 ipsae
1174 4329 1230 4368 cer-

57 4383 117 4435 tam
141 4396 201 4436 esse
220 4380 363 4451 Liberam,
391 4400 476 4451 quam
501 4383 618 4438 eandem
671 4394 775 4434 monem
801 4381 914 4448 nnciam
939 4381 1059 4438 Gratias
1081 4384 1244 4437 niscantur
